1846 3250
247 173 311 219 56
742 169 1168 220 TRACTATUS

253 319 304 355 et
328 304 831 371 ipsesubdiaconatus
869 322 933 354 ex
973 307 1076 354 sola
1101 306 1337 355 Eeclesiae
1361 306 1663 358 institutione

253 392 388 423 suam
427 374 613 421 ducunt
648 374 899 438 originem,
937 387 990 423 ut
1027 374 1140 422 alibi
1165 376 1490 433 ostendemus,
1528 377 1664 425 satis·

254 460 349 506 que
376 452 566 489 constat
592 458 656 489 ex
682 458 741 490 eo
766 443 896 505 quod
932 459 993 491 ne
1019 444 1094 491 vel
1131 444 1324 491 minima
1346 443 1532 491 illorum
1559 462 1662 492 om·

252 511 385 576 nium
412 510 494 557 fiat
518 510 566 556 in
594 510 852 575 Scripturis
878 511 1076 568 mentio,
1114 527 1205 559 nec
1232 512 1405 559 doceat
1443 512 1662 561 Traditio

255 595 421 627 eorum
446 578 795 626 institutionem
820 579 880 627 ad
909 579 1153 628 Christum
1183 579 1438 642 pertinere.
1510 581 1660 629 Porro

253 646 661 711 quemadmodum
701 646 923 695 Ecclesia
957 647 1126 711 potuit
1153 647 1256 695 baec
1288 647 1555 704 instituere,
1592 649 1665 696 sic

251 715 420 763 habuit
444 725 733 777 potestatem
777 731 944 762 eorum
989 714 1452 764 administrationem
1478 716 1554 765 cui
1581 734 1661 764 vo-

249 782 396 831 luerit
420 782 771 830 committendi.

323 853 405 897 ⁶2⁰.
433 851 657 898 Gelasius
681 852 812 915 Papa
830 849 983 914 Epist.
1003 854 1049 899 9.
1069 861 1184 898 tom.
1203 855 1248 898 4.
1275 851 1460 901 Concil.
1480 869 1526 915 p.
1546 855 1661 903 607.

253 918 323 967 sic
349 918 410 967 de
438 919 748 982 Praesbyteris
788 919 1032 981 loquitur:
1073 919 1376 968 sWeminerz'nt
1411 920 1498 967 sibi
1537 920 1667 968 vulla

253 988 436 1035 ratione
452 988 635 1035 concedi
652 987 750 1035 sine
778 987 834 1034 S.
848 988 1075 1051 Pontifice
1102 988 1433 1036 Subdiaconum
1450 996 1531 1036 aut
1550 990 1666 1036 Aco-

253 1054 399 1119 Iytum
431 1055 517 1116 jus
537 1055 774 1119 faciendi.
844 1055 1076 1102 Poterant
1116 1055 1262 1117 igitur
1304 1071 1366 1101 ex
1416 1055 1665 1102 Pontificis

251 1122 450 1170 licentia
475 1123 581 1169 illos
608 1122 816 1171 Ordines
843 1122 1081 1206 conferre,
1118 1139 1176 1171 ac
1215 1122 1417 1186 proinde
1442 1123 1558 1170 alios
1584 1126 1665 1185 qni

253 1207 348 1238 non
377 1201 487 1238 sunt
511 1188 786 1238 nobiliores.
1525 1213 1528 1218 ·

323 1261 404 1305 30·
444 1259 668 1322 Synodus
716 1261 762 1306 7.
813 1258 1052 1322 generalis
1103 1275 1206 1306 can.
1262 1262 1338 1305 14.
1377 1258 1446 1306 sic
1487 1258 1632 1307 habet
1653 1278 1669 1306 .-

251 1327 462 1375 Lector-is
496 1343 673 1374 “neamus
719 1327 1046 1392 impositionem
1085 1327 1268 1375 licentia
1308 1337 1372 1374 est
1423 1328 1664 1391 unicuique

253 1394 425 1443 Abbati
447 1396 498 1443 in
515 1395 712 1459 proprio
739 1395 1034 1443 Monasterz'o
1053 1395 1328 1443 solummodo
1331 1395 1555 1458 faciendi
1559 1429 1641 1445 .....
1649 1430 1663 1441 .

250 1464 357 1510 dum
381 1470 552 1510 constet
574 1462 701 1510 illum
728 1480 822 1510 esse
845 1462 1209 1526 Prcesbvzsterum.

320 1536 416 1576 4.0·
455 1529 616 1576 Multa
640 1540 750 1576 sunt
775 1530 915 1591 hujus
935 1530 1262 1578 concessionis·
1285 1530 1525 1592 exempla.
1563 1530 1665 1576 Pri-

248 1596 478 1659 vilegium
506 1596 632 1643 enim
661 1594 995 1644 Subdiaconos
1031 1597 1279 1644 ordinandi
1323 1597 1662 1645 Benedictino-

251 1681 355 1712 rum
376 1676 429 1713 et
456 1663 852 1712 cisterciensium
879 1666 1152 1713 Abbatibus
1196 1680 1478 1712 concessum
1516 1665 1667 1727 fuisse

250 1742 501 1783 testantur
534 1732 817 1779 Franciscus
862 1732 1078 1780 Victoria
1124 1732 1171 1778 in
1214 1733 1411 1780 Summa
1457 1749 1503 1779 n.
1547 1736 1662 1781 235.

253 1800 500 1848 Navarrus
525 1799 606 1847 lib.
634 1804 681 1847 5.
708 1799 822 1847 Pius
849 1800 908 1847 V.
943 1800 991 1846 in
1018 1801 1160 1847 Bulla
1189 1817 1284 1864 qua
1299 1805 1379 1862 jus
1405 1800 1529 1847 idem
1559 1801 1661 1848 Ab·

250 1869 348 1916 bati
376 1867 821 1916 Praemonstratensi
848 1868 1074 1931 denegat.

319 1941 384 1985 5⁰·
424 1936 613 1985 Concil.
656 1935 992 1984 Tridentinum
1033 1951 1152 1984 sess.
1191 1937 1270 1983 23.
1299 1940 1378 1997 Jus
1417 1945 1663 1983 tonsuram

250 2006 324 2052 vel
353 2004 558 2051 minores
585 2003 793 2052 Ordines
819 2004 1103 2052 conferendi
1138 2014 1282 2052 antea
1318 2003 1545 2051 latissime
1573 2015 1661 2068 per

248 2084 477 2135 vagatum
517 2072 761 2134 restringit
796 2072 857 2118 ad
885 2073 1102 2120 Abbates
1145 2072 1391 2148 regulares
1433 2083 1663 2135 respectu

248 2139 552 2187 subditorum
592 2155 803 2186 sumum.
874 2139 1030 2202 Igitur
1053 2139 1270 2203 agnoscit
1306 2146 1386 2201 jus
1410 2139 1525 2186 illud
1551 2140 1661 2187 sim-

248 2208 456 2273 plicibus
493 2207 806 2270 Praesbyteris
830 2222 973 2270 posse
997 2207 1252 2269 indulgeri.

260 2321 263 2324 ,
318 2279 384 2323 60·
424 2275 558 2322 Idem
603 2275 835 2338 probatur
858 2275 1149 2323 auctoritate
1188 2275 1235 2321 S.
1263 2274 1461 2321 Thomae
1485 2284 1533 2321 et
1560 2290 1660 2320 om·

250 2343 382 2390 nium
411 2343 790 2404 Theologorum‚
825 2342 865 2390 si
906 2358 1086 2406 paucos
1124 2341 1393 2404 exceperis,
1431 2341 1510 2403 q'ui
1537 2357 1659 2403 prae-

249 2411 411 2476 sertim
460 2409 863 2458 subdiaconatum
909 2410 1022 2458 solis
1067 2408 1318 2475 Episcopis
1361 2418 1655 2456 reservatum

250 2495 354 2526 esse
380 2479 563 2526 volunt.

265 2614 466 2676 .S⁰ti-Sfi²
510 2614 777 2679 quibusdam
815 2613 1141 2679 quaestionibus
1186 2612 1307 2660 circa
1354 2609 1626 2660 Mirlistrum

845 2683 1050 2731 Ordinis.

231 2851 234 2853 -
257 2819 463 2872 Quaeres.
505 2819 566 2862 1⁰·
619 2815 809 2878 quinam
835 2815 897 2865 sit
925 2814 1196 2880 Episcopus
1222 2831 1249 2863 a
1282 2831 1377 2880 quo
1403 2811 1654 2876 unusquis-

251 2901 346 2949 que
372 2881 577 2932 ordinari
602 2883 816 2933 debeat?

318 2952 382 3001 R
435 2951 659 3012 Ordinem,
697 2921 967 3016 quamvis'a
992 2950 1210 3027 quolibet
1237 2949 1483 3064 Episcohpo
1507 2946 1651 3062 etiam

1440 3030 1530 3064 are
1556 3030 1649 3075 ico,
