1846 3250
228 151 293 195 44
723 133 1153 194 TRACTATUS'

233 295 331 338 tus,
369 279 450 343 qui
491 278 552 327 ad
593 283 696 340 ejiis
722 278 1051 343 integritatem
1076 291 1331 345 spectant:
1368 297 1453 330 seu
1480 283 1652 330 saltem

234 351 319 397 ille
346 346 574 411 loquendi
602 347 772 396 modus
800 349 1127 414 Scriptoribus
1148 348 1491 397 ecclesiasticis
1516 350 1661 399 fami-²

236 417 368 466 liaris
394 428 484 463 est.

309 485 411 548 obj.
448 488 494 533 5.
531 484 866 532 Temerarium
923 496 996 534 est
1055 503 1082 534 a
1140 487 1381 535 sententia
1439 485 1653 534 orn-nIum

241 553 605 616 Theologorum
631 553 880 612 recedere,
908 571 1020 602 cum
1044 554 1094 601 id
1125 555 1170 601 in
1202 554 1424 602 Ecclesia
1460 565 1655 618 praestet

245 638 412 669 eorum
470 637 769 669 consensus:
819 623 953 686 quod-
1011 623 1121 669 olim
1181 623 1403 685 praestitit
1457 624 1655 672 Patrum

244 690 495 743 Ecclesiae·
531 705 823 737 consensus:
860 690 994 754 atqui
1020 692 1276 748 sententia,
1321 708 1427 754 quae
1464 706 1658 754 porrec-

242 758 424 807 tionem
466 757 894 805 instrumentorum
938 769 987 806 ut
1032 759 1278 807 rna-teriam
1330 758 1662 807 Ordinationis

244 826 551 875 essentialem
577 825 802 882 admittit,
840 836 1040 891 recepta
1063 828 1152 874 fuit
1179 828 1308 889 apud
1346 843 1511 875 omnes
1533 826 1663 874 The-

245 897 414 958 ologos
450 911 537 959 per
586 895 723 957 plura
761 896 958 943 saecula.
1029 896 1107 943 Ita
1155 896 1267 942 olim
1317 895 1499 959 opinati
1546 906 1663 942 sunt*

247 964 401 1025 Hugo
459 979 487 1011 a
531 962 580 1010 S.
628 962 847 1020 Victore,
900 963 1141 1027 Magister
1187 964 1564 1021 Sententiarum,
1614 963 1664 1010 S.

248 1032 477 1087 Thomas,
514 1035 604 1078 &c-

314 1101 376 1148 R.
423 1103 497 1145 10·
535 1117 580 1146 n.
620 1100 729 1147 min.
769 1099 879 1148 Nec
925 1100 1050 1148 enim
1091 1100 1295 1147 defuere
1343 1116 1371 1147 e
1418 1099 1668 1147 veteribus*

250 1167 514 1231 Theologis
541 1166 620 1230 qui
649 1168 1004 1230 porrectionem
1029 1168 1457 1215 instrumentorum
1482 1167 1668 1215 habue-

248 1237 361 1291 rint,
400 1252 493 1282 non
523 1248 575 1282 ut
604 1236 766 1283 Ritum
796 1252 891 1299 quo
910 1236 1196 1299 imprimitur
1217 1236 1469 1283 character
1499 1237 1670 1283 Sacer-

251 1303 443 1362 dotalis,
497 1304 580 1351 sed
624 1304 864 1351 duntaxat
913 1314 964 1351 ut
999 1304 1188 1367 signum
1261 1322 1355 1366 quo
1392 1303 1667 1351 declaratur

252 1373 385 1419 illum
416 1373 747 1420 characterem
785 1371 1254 1436 fuisseimpressnm.
1325 1373 1402 1419 Ita
1429 1371 1671 1435 Magister

257 1445 391 1488 Se-nt.
421 1441 571 1502 Hugo
620 1440 917 1496 Victorinus,
957 1441 1007 1488 S.
1045 1441 1256 1488 Thomas
1305 1451 1355 1488 et
1401 1439 1478 1486 alii
1528 1438 1667 1487 multi

256 1525 375 1573 quos
398 1508 521 1555 citat
548 1506 799 1555 Vitassius-.

327 1579 403 1622 20·
427 1576 733 1640 Responderi
773 1583 923 1640 potest
959 1575 1253 1638 Theologos,
1292 1574 1371 1638 qui
1400 1591 1486 1638 pro
1523 1573 1675 1621 tradi-1

255 1645 390 1691 tione
436 1643 865 1689 instrumentorum
910 1642 1180 1690 decertant.
1205 1659 1338 1690 sua-m
1381 1642 1683 1706 sententiani*

257 1726 535 1777 proponere
571 1720 755 1758 tantum
784 1720 837 1757 ut
872 1710 1147 1774 opinionem
1175 1710 1530 1768 scholasticam,
1581 1726 1675 1756 nee

261 1781 388 1827 illam
443 1778 704 1842 Scripturis
739 1789 824 1825 aut
863 1778 1135 1826 Traditioni
1185 1779 1272 1827 SS.
1301 1779 1495 1826 Patrum
1545 1794 1674 1825 com-

261 1848 481 1896 munire:
540 1862 686 1910 porro
731 1847 972 1894 sententia
1031 1864 1138 1909 quae
1186 1846 1389 1893 traditur
1448 1857 1499 1893 ut
1543 1861 1676 1892 mera

265 1916 428 1981 opinio
454 1916 500 1961 in
543 1914 722 1963 scholis
769 1914 967 1978 agitata,
1005 1931 1164 1979 neque
1194 1915 1550 1978 Scripturarnm
1593 1923 1676 1960 aut

270 1985 357 2033 SS.
418 1985 615 2031 Patrum
674 1982 967 2033 auctoritate
1027 1981 1370 2037 communitur,
1428 1997 1678 2045 nunquam

266 2049 520 2116 assurgere
563 2061 724 2114 potest
761 2051 808 2096 in
854 2052 1049 2114 Dogma
1089 2068 1117 2098 a
1158 2068 1254 2112 quo
1301 2050 1534 2099 recedere
1582 2065 1679 2096 non

266 2121 431 2168 liceat.

337 2189 456 2235 Inst.
494 2186 690 2234 Gabriel
736 2185 1184 2248 philadelphiensis,
1223 2185 1439 2249 quamvis
1476 2201 1682 2248 graecus,

270 2256 318 2302 in
354 2251 604 2318 Opusculo
645 2255 706 2302 de
735 2253 1076 2308 Sacramenffls,
1114 2255 1364 2302 materiam
1406 2252 1685 2300 Ordinatio-

270 2324 344 2371 nis
368 2339 613 2371 sacrorum
641 2338 860 2370 vasorum
888 2321 1191 2370 traditionem
1220 2337 1325 2369 esse
1344 2319 1527 2369 statuit.

341 2393 401 2439 R.
442 2392 571 2439 hunc
613 2407 719 2438 esse
762 2390 1042 2438 Graeculum
1084 2388 1422 2444 recentiorem,
1460 2388 1540 2450 qui
1579 2387 1687 2434 haec

273 2460 552 2507 hauserate
576 2458 755 2506 scholis
779 2458 1079 2515 Latinorum,
1116 2457 1240 2503 inter
1275 2472 1395 2519 quos
1437 2454 1517 2502 diu
1556 2471 1689 2502 corn-

275 2538 488 2573 moratus
531 2536 621 2580 est,
659 2526 890 2589 illumque
916 2525 963 2571 in
990 2540 1049 2572 eo
1074 2542 1101 2573 a
1140 2524 1361 2571 doctrina
1397 2533 1684 2571 caeterorum

276 2595 560 2642 Graecorum
599 2594 700 2642 sive
737 2594 1043 2658 antiquorum
1092 2590 1192 2640 sive
1240 2592 1562 2640 recentiorum
1602 2590 1685 2638 de·

273 2661 444 2709 viasse.

286 2753 293 2758 2
351 2730 452 2795 Obj.
479 2735 560 2779 60.
595 2738 756 2779 contra
783 2730 828 2775 4.
847 2729 1216 2795 propositionem.
1256 2726 1427 2774 Innoc.
1462 2728 1557 2775 ΙΙΙ.
1581 2741 1688 2789 cap.

280 2797 566 2853 Pastoralis,
610 2808 860 2858 extravag.
900 2798 958 2844 de
984 2795 1292 2845 Sam-amentis
1319 2813 1408 2843 non
1448 2795 1690 2849 iterandis,

281 2877 331 2913 et
373 2861 641 2929 Gregorius
682 2863 988 2912 IXsibidem
1025 2880 1133 2928 cap.
1180 2862 1468 2928 Praesbyter,
1520 2862 1689 2909 dicunt

279 2929 539 2983 iterandam
564 2951 655 2984 non
678 2949 772 2983 esse
800 2931 1155 3001 ordinationem
1169 2931 1361 2997 frictam
1399 2931 1498 2979 sine
1530 2944 1691 2975 manus

931 3027 935 3030 -
1407 2996 1690 3061 impositione
