1846 3250
243 172 338 218 130
740 167 1166 236 TRACTATUS

307 306 504 352 Frustra
529 302 773 351 diceretur
804 320 992 363 vocem,
1020 308 1265 367 putativa,
1300 308 1361 355 ab
1385 309 1557 357 eodem
1586 312 1658 358 A·

239 372 408 421 driano
449 371 618 419 eadem
662 370 709 417 in
738 370 957 435 Epistola
998 373 1156 437 accipi
1192 375 1250 421 ad
1289 375 1655 438 significandam

237 442 338 488 sive
363 441 650 488 attentatam
670 440 848 502 Ignatii
868 440 1237 504 depositionem,
1255 442 1354 491 sive
1376 444 1654 493 Ordinatio-

238 525 349 556 nem
375 525 404 557 a
430 507 596 555 Laicis
620 504 906 565 simulatam,
934 526 1042 573 quae
1065 509 1287 572 profecto
1307 512 1434 558 omni
1459 530 1656 578 prorsus

239 577 419 625 effectu
437 577 649 634 carebat,
662 591 720 623 ac
739 576 942 639 proinde
962 594 1132 625 vocem
1153 577 1281 626 illam
1300 580 1472 628 eodem
1494 597 1658 640 sensu,

237 646 320 704 ubi
343 646 404 694 de
422 643 584 692 Photii
606 643 1003 703 Ordinationibus
1036 646 1269 710 loquitur,
1306 646 1457 696 fuisse
1477 665 1656 714 accep·

238 724 355 761 tam.
415 713 531 760 Vox
557 712 683 760 enim
721 712 890 760 eadem
918 713 1106 761 diverse
1138 714 1186 760 in
1224 716 1423 764 diversis
1450 717 1657 765 circum-

235 781 422 831 stantiis
447 797 543 828 non
568 796 675 827 raro
699 779 1001 844 intelligitur,
1027 781 1248 846 ratioque
1273 785 1487 847 postulat
1507 796 1559 832 ut
1584 785 1657 849 ip-

237 850 335 898 sius
369 848 660 912 significatio
686 865 749 895 ex
791 849 1013 910 subjecta
1035 847 1252 900 materia
1289 851 1656 911 determinetur,

238 935 330 966 nec
357 918 400 966 ei
426 917 546 964 alius
565 932 733 964 sensus
752 917 972 981 affigatur
997 918 1083 965 nisi
1103 935 1246 982 quem
1272 920 1340 966 rei
1358 920 1419 967 de
1439 936 1533 983 qua
1556 938 1656 969 ser-

237 1003 317 1033 mo
337 997 408 1034 est
427 985 641 1033 conditio
658 985 839 1049 exiget·
867 985 1016 1032 Porro
1035 986 1073 1032 si
1094 1003 1170 1033 res
1189 987 1250 1034 de
1271 1004 1367 1050 qua
1384 1005 1541 1036 sermo
1563 1001 1653 1045 est,

236 1054 533 1109 attendatur,
559 1069 702 1101 nemo
723 1064 792 1100 est
821 1053 1017 1117 quinon
1037 1054 1279 1117 intelligat
1302 1055 1656 1119 depositionem

236 1122 416 1185 Ignatii
441 1138 469 1169 a
495 1120 671 1169 Photio
691 1131 925 1169 tentatam
947 1122 1078 1168 omni
1096 1122 1268 1171 effectu
1290 1124 1517 1181 caruisse,
1545 1125 1656 1187 quia

239 1190 363 1254 Legi
403 1189 577 1237 divinae
602 1198 651 1236 et
676 1189 1023 1236 ecclesiasticae
1049 1189 1309 1254 disciplinae
1348 1193 1476 1238 omni
1508 1209 1656 1241 sensu

238 1259 480 1307 contraria
502 1258 676 1305 fuerat.
750 1257 979 1305 Similiter
1005 1274 1068 1306 ex
1093 1258 1196 1321 ipsa
1222 1258 1288 1306 rei
1317 1270 1489 1308 natura
1512 1260 1654 1308 intel-

237 1326 404 1390 ligitur
436 1324 806 1373 Ordinationem
831 1341 859 1372 a
884 1325 1046 1374 Laicis
1071 1326 1342 1374 simulatam
1367 1328 1551 1375 nullum
1578 1330 1653 1377 ef·

237 1396 422 1443 fectum
459 1394 658 1449 habere,
696 1392 809 1457 quia
843 1394 977 1440 nulla
1018 1404 1091 1441 est
1127 1395 1174 1440 in
1200 1393 1362 1442 Laicis
1397 1413 1555 1444 rerum
1581 1413 1662 1445 sa-

239 1480 427 1511 crarum
478 1461 889 1510 conficiendarum
932 1472 1162 1524 potestas.
1221 1465 1292 1511 At
1317 1479 1345 1510 e
1393 1465 1657 1522 contrario,

239 1549 348 1578 cum
377 1530 496 1578 dicit
537 1528 782 1577 Adrianus
820 1529 1162 1577 Ordinationes
1198 1547 1226 1577 a
1268 1531 1441 1579 Photio
1478 1531 1649 1589 factas,

223 1600 433 1662 fictitias
446 1596 595 1645 fuisse
615 1598 1103 1659 acputativaS,voces
1122 1598 1215 1644 illae
1233 1614 1291 1646 eo
1309 1615 1452 1647 sensu
1470 1599 1652 1648 debent

237 1666 394 1731 accipi
420 1664 550 1727 quod
574 1664 691 1712 licet
714 1664 971 1711 sacerdotii
997 1665 1246 1723 honorem,
1273 1667 1655 1716 ecclesiasticam

230 1734 619 1798 jurisdictionem
656 1741 705 1779 et
742 1731 944 1794 gratiam
981 1732 1203 1780 conferre
1239 1732 1508 1791 videantur,
1546 1736 1651 1783 haec

238 1816 401 1851 tamen
426 1800 622 1849 minime
648 1800 932 1856 conferant;
971 1817 1064 1847 non
1086 1812 1246 1848 autem
1274 1818 1334 1849 eo
1357 1818 1499 1850 sensu
1525 1804 1653 1865 quod

235 1872 352 1919 nihil
386 1869 659 1935 producant
699 1884 791 1916 nec
827 1868 975 1915 ullum
1004 1869 1334 1916 characterem
1360 1869 1652 1934 imprimant,

237 1940 475 2004 siquidem
501 1945 692 1985 constat
713 1952 774 1984 ex
804 1935 944 1983 dictis
969 1953 1051 1984 eos
1080 1937 1160 2001 qui
1187 1954 1215 1985 a
1241 1937 1416 1985 Photio
1444 1938 1653 1986 ordinati

238 2010 449 2060 fuerant,
486 2006 740 2070 ipsumque
767 2004 995 2051 Photium
1022 2005 1068 2052 in
1097 2021 1208 2053 suros
1233 2005 1412 2068 gradus
1437 2006 1541 2053 sine
1566 2024 1652 2054 no-

238 2092 298 2123 va
323 2073 659 2128 Ordinatione,
698 2072 1112 2120 consentientibus
1154 2083 1271 2121 tunc
1317 2074 1365 2121 S.
1393 2075 1651 2131 pontifice,

237 2141 531 2192 Patriarchis
571 2140 788 2204 pluribus
815 2150 864 2187 et
897 2140 1152 2204 Episcopis
1187 2141 1465 2198 innumeris,
1499 2142 1648 2192 fuisse

235 2211 518 2260 restitutos:
555 2207 686 2272 quod
711 2206 966 2255 manifesto
989 2219 1276 2271 argumento
1301 2219 1375 2257 est
1400 2219 1516 2256 tunc
1537 2226 1642 2258 cre-

236 2280 390 2328 ditum
414 2277 562 2325 fuisse
589 2275 817 2324 Photium
839 2285 887 2323 et
907 2275 966 2321 ab
984 2291 1042 2322 eo
1063 2286 1372 2324 consecratos
1398 2277 1649 2325 characte-

232 2350 335 2396 rem
378 2356 428 2395 et
453 2344 649 2394 Ordinis
690 2342 1006 2392 substantiam
1045 2343 1283 2406 recepisse
1322 2360 1409 2407 per
1435 2344 1643 2393 Ordina-

234 2416 436 2464 tionem.
1641 2445 1643 2448 Α

304 2484 428 2532 Inst.
454 2483 529 2530 3⁰·
566 2478 822 2529 Ordinatio
844 2478 1003 2526 Photii
1029 2494 1056 2525 a
1081 2476 1322 2541 Gregorio
1345 2478 1650 2543 Syracusano

234 2552 366 2600 facta
390 2560 486 2598 act.
512 2553 559 2597 3.
586 2547 742 2610 ejusd.
765 2546 970 2595 Concilii
996 2545 1169 2593 dicitur
1202 2545 1443 2596 inefficax.

306 2620 369 2667 R.
392 2619 503 2665 disc.
538 2615 789 2673 Inefficax‚
814 2624 1047 2679 quantum
1078 2613 1142 2660 ad
1167 2613 1388 2661 Gratiam
1414 2626 1463 2664 et
1486 2616 1650 2680 legiti-

234 2702 366 2736 mum
393 2700 551 2742 usum,
585 2699 711 2730 conc.
734 2692 963 2744 quantum
988 2681 1051 2729 ad
1076 2680 1439 2741 characterem„
1461 2686 1564 2746 neq.

304 2752 425 2801 Inst.
450 2755 528 2798 40·
577 2749 762 2798 Eadem
810 2747 1066 2798 Ordinatio
1111 2749 1289 2797 ibidem
1338 2747 1648 2816 comparatur.

238 2839 347 2870 cum
388 2816 592 2869 Maximi
641 2816 878 2883 Cynensis
920 2817 1316 2866 consecratione:
1358 2819 1492 2883 atqui
1538 2819 1648 2868 haec

238 2889 329 2938 fuit
352 2882 589 2943 inefficax,
626 2884 771 2932 etiam
797 2894 1027 2948 quantum
1054 2884 1114 2933 ad
1141 2885 1488 2935 characterem.
1606 2948 1609 2949 ⁷

305 2957 371 3005 R.
394 2971 442 3004 n.
465 2956 579 3003 min.
644 2952 847 3012 Constat
866 2951 992 3000 enim
1018 2969 1080 3000 ex
1107 2952 1249 3001 dictis
1272 2954 1477 3003 validam
1495 2951 1645 3002 fuisse

238 3022 449 3072 Maximi
487 3019 918 3085 consecrationem,
959 3021 1129 3071 saltem
1166 3020 1485 3087 quantumad
1507 3021 1645 3087 subs-

241 3092 437 3159 tantiam
464 3100 512 3140 et
538 3090 886 3140 characterem.
1522 3087 1654 3136 Iuste.
