1846 3250
552 164 649 212 DE
677 136 1188 210 'MATR'IM'ONIQ
1507 144 1614 204 467

174 298 299 355 conc.
346 297 394 346 id
442 296 532 355 est,
563 295 854 360 ‘non‘potest
893 295 1132 351 desinere,
1175 298 1291 358 neg.
1330 291 1484 339 Porro
1518 304 1610 354 per

180 364 535 413 professionem
559 365 836 427 religiosam
862 380 959 411 non
999 363 1205 411 efficitur
1242 372 1295 408 ut
1323 361 1612 408 Sacramem

177 443 278 480 tum
309 432 608 481 Matrimonii
632 448 730 479 non
755 432 918 489 fuerit,
956 431 1044 479 sed
1064 435 1258 477 ⁴tantum
1285 427 1458 476 desinit
1486 441 1612 473 esse.

178 500 269 547 Sic·
290 495 553 549 subsistere
597 510 755 548 cessat
789 498 838 546 in
876 514 993 546 casu
1031 500 1128 560 quo
1166 501 1347 559 conjux
1400 491 1611 541 infidelis

174 583 287 614 cum
325 584 562 616 converso
599 567 805 633 pacifice
831 578 880 615 et
909 568 1015 614 sine
1040 565 1337 614 contumelia
1364 560 1611 612 Creatoris

172 634 391 683 habitare
416 636 556 683 nolit.
644 633 647 634 ⁷

238 701 325 750 Ad
370 706 415 750 ί).
471 704 655 770 pariter
714 702 821 750 dist.
880 699 1250 749 Matrimonium
1298 707 1474 754 ratum,
1517 703 1612 743 ,est

174 768 365 833 signum
403 771 594 819 unionis
632 767 813 818 Christi
850 785 959 817 cum
1001 768 1244 825 Ecclesia,
1283 765 1489 822 unionis,
1536 762 1609 809 in-

174 853 335 900 quam,
373 837 634 902 spiritualis
667 854 756 900 pei·
781 838 1086 893 charitatem,
1124 852 1248 884 conc.
1285 832 1477 881 unionis
1501 846 1610 878 cor-

172 902 350 967 poralis
388 923 495 970 quae
530 905 585 953 fit
620 922 706 967 per
740 904 1142 959 incarnationem,
1169 919 1272 965 neg.
1323 900 1453 947 Haec
1480 898 1609 946 enim

174 988 269 1019 non
309 973 397 1020 nisi
424 990 511 1037 per
536 972 893 1020 matrimonium
936 979 1323 1019 consummatum
1367 966 1612 1029 significa-

175 1048 271 1085 tur·
371 1041 499 1089 Unio
525 1050 686 1087 autem
713 1038 973 1102 spiritualis
998 1037 1118 1085 solvi
1144 1046 1308 1099 potest
1338 1051 1426 1097 per
1458 1033 1607 1081 alium

170 1106 513 1168 perfectiorem
539 1117 753 1155 statum:
791 1123 952 1170 neque
977 1107 1103 1153 tunc⁴
1135 1103 1359 1161 violatur,
1397 1102 1484 1149 sed
1520 1115 1609 1165 po-

169 1174 265 1221 tius
290 1173 336 1220 in
363 1176 611 1224 meliorem
641 1184 872 1222 mutatur.
969 1180 976 1186 '
1572 1196 1577 1200 ·

238 1241 316 1287 Ex
355 1242 411 1290 iis
447 1243 663 1305 sequitur
701 1258 886 1290 errasse
929 1240 1291 1297 Maidonaturn,
1341 1234 1606 1299 caeteroqui

167 1307 519 1367 doctissimum,
556 1310 637 1373 qui
664 1310 830 1358 Tract‘⁸
870 1309 935 1357 ‘de
987 1307 1205 1356 Mati-im.
1232 1315 1279 1354 c.*
1310 1309 1358 1355 6.
1395 1305 1462 1353 ait
1497 1304 1612 1352 nul·

167 1376 263 1423 lam
301 1378 450 1440 partis
487 1378 702 1426 adversae
736 1375 996 1425 momentis
1032 1374 1399 1439 responsionem
1445 1369 1607 1420 afferri

167 1460 327 1507 posse,
366 1446 458 1494 nisi
481 1454 564 1494 aut
603 1447 883 1494 concedatur
923 1444 1277 1493 matrimonium
1303 1449 1457 1490 ratum
1491 1457 1609 1488 non-

167 1512 276 1559 dum
298 1521 673 1564 *consummatum
710 1531 801 1562 non
837 1530 933 1562 esse
967 1529 1122 1560 verum
1166 1508 1510 1558 matrimonium
1558 1513 1604 1554 et

165 1590 323 1626 verum
362 1583 726 1637 Sacramentum,
787 1590 870 1628 aut
908 1588 1031 1633 certe
1078 1577 1331 1633 Ecclesiam
1380 1577 1449 1624 ita
1486 1574 1605 1634 exier-

164 1646 507 1704 timasse,·cum
531 1649 729 1696 decrevit
755 1647 892 1696 licere
927 1654 1031 1712 post
1068 1644 1414 1694 matrimonium
1449 1649 1604 1690 ratum

163 1715 376 1776 corfirre
397 1732 445 1764 se
469 1716 541 1763 “ad
577 1714 890 1778 Religionem,
930 1714 1077 1763 altero
1116 1712 1312 1778 conjuge
1352 1711 1515 1768 invito,
1560 1716 1615 1757 et'

162 1778 299 1828 licere
323 1781 463 1831 alteri
486 1782 619 1830 adire
642 1782 765 1830 alias
785 1782 989 1847 nuptias.
1270 1783 1273 1787 ’

455 1913 640 1979 Βαιίῃῖί
667 1916 938 1981 quibusdam
963 1913 1313 1979 quaestionibus.

237 2048 432 2105 Quoeres
464 2053 538 2097 1⁰·
576 2059 735 2098 utrum
773 2060 890 2098 voto
949 2048 1156 2113 simplici
1188 2047 1450 2097 -castitatis
1504 2063 1605 2096 ser-

162 2118 332 2166 vandae
388 2130 437 2166 et
475 2118 747 2181 Religionis
801 2117 1178 2182 amplectendae,
1227 2118 1302 2166 vel
1352 2132 1605 2164 sacrorum

163 2185 403 2244 Ordinum
441 2186 769 2249 susceptione,
823 2185 1332 2238 matrimonium'non
1381 2199 1610 2232 consum-

161 2263 344 2300 matum
383 2253 652 2300 dirimatur.

230 2320 297 2369 R.
331 2319 559 2387 negative,
599 2319 669 2368 uti
706 2329 899 2369 constat
950 2325 1063 2382 jure
1106 2319 1360 2368 canonico.
1456 2316 1612 2367 Ratio·

160 2396 324 2435 autem
371 2393 467 2436 ‘cur
546 2386 1071 2436 matrimoniumillud
1114 2397 1229 2435 voto
1288 2386 1606 2435 continentiae

158 2454 363 2518 simplici
389 2471 485 2502 non
513 2454 781 2512 dirimatur,
821 2466 894 2504 est
945 2455 1059 2519 quia
1083 2455 1186 2502 sola
1212 2464 1369 2503 morte
1396 2452 1605 2502 naturali

158 2522 496 2584 velspirituali
522 2522 848 2586 solvipotest.
946 2523 1098 2570 Porro
1124 2538 1220 2568 non
1257 2538 1345 2585 per
1390 2521 1602 2584 simplex

160 2589 397 2637 castitatis
423 2594 603 2644 votum,
645 2590 732 2637 sed
760 2607 847 2653 per
872 2591 1041 2647 solam,
1087 2589 1448 2637 Professionem
1492 2588 1605 2636 reli-

160 2657 360 2720 giosam,
382 2657 528 2704 homo
553 2656 871 2721 spiritualiter
901 2658 1120 2705 moritur.

232 2724 423 2778 Quceres
449 2727 530 2769 20·
570 2735 732 2772 utrum
788 2725 870 2774 ille
927 2724 1009 2789 qui
1062 2723 1337 2787 Religionis
1385 2722 1604 2787 amplec-

162 2791 324 2837 tendae
359 2802 524 2838 votum
574 2792 748 2851 emisit,
787 2794 824 2839 si
862 2804 1034 2858 postea
1077 2792 1438 2840 matrimonium
1485 2802 1612 2838 con-·

159 2858 325 2913 traxit,
365 2864 588 2906 t‘eneatur
629 2869 743 2907 ante
784 2859 912 2910 illius
952 2860 1422 2911 consummationem
1451 2857 1599 2906 vitam

160 2922 476 2973 monasticam
503 2925 761 2991 profiteri?
1572 2948 1576 2952 ²
1614 2931 1618 2938 '
