1846 3250
615 141 712 190 DE
750 140 1044 189 olim-NF„
1068 187 1072 192 ,
1442 117 1536 187 133

128 290 240 329 aeta
279 275 508 341 Stephani
545 292 602 324 ac
630 276 786 340 Sergii
822 276 870 322 in
907 277 1188 323 Formosum
1203 274 1400 323 fuerunt
1435 290 1538 322 om-

131 350 271 396 nibus
310 347 474 394 odiosa
512 360 570 392 ac
608 344 756 392 instar
793 344 1013 392 immanis
1051 343 1220 406 flagitii
1241 337 1444 400 habita,
1482 352 1536 390 ut

130 426 317 464 constat
342 430 405 462 ex
430 413 750 476 Luitprando,
791 412 992 459 Auxilio
1017 412 1244 460 Auctore
1271 421 1536 466 coaetaneo,

134 483 342 532 Baronio
384 481 446 529 ad
486 497 635 528 annos
678 483 794 531 897.
832 491 881 527 et
908 483 1021 528 908.
1060 480 1315 543 Sigeberto
1357 479 1418 526 ad
1459 495 1542 526 an-

130 568 243 602 num
273 552 387 599 902.
411 551 602 598 ,Ioanne
628 550 717 596 IX.
741 549 789 594 in
824 548 1023 611 Synodo
1067 549 1236 595 Romae
1273 547 1439 596 habita
1461 564 1539 595 an.

133 623 246 668 904.
306 617 525 667 Concilio
585 616 942 665 Ravennatensi
1004 616 1087 663 ‘cui
1145 615 1409 663 adfuerunt
1461 620 1542 666 74.

132 686 364 751 Episcopi
414 703 522 734 cum
570 684 742 734 eodem
794 687 986 734 Joanne
1039 683 1280 732 Pontifice
1319 694 1390 732 et
1435 684 1542 733 aliis

133 756 310 804 multis.

200 823 321 870 Insc.
367 822 642 879 Formosus,
696 832 841 886 prout
884 819 1064 883 legitur
1104 819 1235 884 apud
1289 819 1542 868 Auxilium

134 901 272 955 part.
297 893 344 937 2.
377 907 423 938 c.
449 893 528 939 26.
563 891 755 968 quando
789 892 979 937 accessit
1011 898 1066 936 ut
1088 888 1237 952 Papa
1268 886 1542 951 efficeretur,

135 961 205 1006 ita
241 975 413 1015 ”ianus
452 960 790 1021 imposztionem
826 959 915 1005 sibi
954 957 1099 1004 tribua
1129 958 1370 1020 proecepz't,
1407 973 1465 1003 ac
1504 960 1548 1005 si

135 1027 411 1090 Episcopus
433 1043 528 1073 non
551 1034 664 1073 esset
677 1046 695 1073 .·
732 1044 790 1072 ac
814 1043 907 1089 per
929 1026 1014 1073 hoc
1031 1042 1127 1072 nou
1149 1025 1302 1072 solum
1323 1025 1547 1087 apostoli-

138 1111 242 1141 cam
264 1096 542 1156 diquitatem
566 1110 662 1141 uon
676 1095 930 1157 acquisivit
944 1115 965 1151 ,·
1004 1110 1167 1141 verum
1189 1096 1331 1141 etiam
1345 1094 1400 1140 id
1418 1094 1550 1156 quod

138 1162 408 1226 Episcopus
431 1170 534 1209 erat
556 1163 784 1224 perdidit.
854 1163 1001 1226 Ergo,
1028 1167 1116 1209 &c-

206 1231 269 1278 R.
306 1231 411 1277 haec
459 1230 651 1293 quidem
701 1230 763 1278 de
813 1231 1042 1278 Formoso
1083 1232 1142 1277 ab
1194 1235 1297 1292 ejus
1343 1229 1545 1278 inimicis

137 1298 268 1346 dicta
285 1298 448 1352 fuisse,
484 1298 569 1345 sed
592 1297 729 1354 falso,
757 1310 808 1346 ut
833 1315 1064 1361 expresse
1089 1298 1291 1346 affirmat
1318 1298 1548 1346 Auxilius

138 1367 240 1413 ibid
266 1364 370 1414 cad.
409 1369 486 1413 26.
514 1375 563 1412 et
601 1368 680 1415 27.
707 1366 787 1412 ubi
812 1367 906 1413 ait:
944 1366 1131 1413 Procul
1160 1366 1304 1412 dubio
1324 1365 1546 1429 falsissi-

138 1451 268 1482 mum
308 1442 374 1481 est
397 1434 527 1497 quod
548 1434 800 1481 Formosus
824 1436 876 1480 iu
899 1434 994 1488 leae
1026 1434 1338 1481 translatione
1376 1451 1548 1482 manus

141 1498 482 1565 impositionem
506 1503 734 1564 acceperit
737 1536 835 1551 ......
841 1519 922 1563 390
956 1511 1011 1552 ,et
1048 1519 1144 1548 mm
1180 1503 1333 1564 pauci
1355 1518 1547 1560 mecum,

138 1578 264 1617 certo
288 1573 461 1618 certius
484 1578 765 1632 compertum
789 1570 1023 1626 habemus,
1060 1571 1176 1632 quia
1200 1569 1298 1616 hoec
1330 1571 1387 1616 de
1423 1569 1549 1617 For-

139 1655 265 1686 moso
289 1638 377 1685 aliz·
400 1649 493 1685 non
517 1636 738 1701 referunt,
775 1640 869 1684 nisi
909 1641 994 1701 qui
1014 1637 1274 1691 simultates
1314 1645 1359 1684 et
1391 1638 1549 1687 inimi-

141 1709 278 1754 citias
301 1724 402 1755 cum
426 1723 476 1754 eo
506 1704 783 1758 habuerunt.

212 1776 448 1823 Caeterum
491 1790 587 1820 non
613 1773 868 1838 diffitemur
905 1774 1187 1821 Formosum
1233 1774 1548 1823 Sacramento

144 1844 408 1906 pollicitum
458 1858 562 1889 esse
604 1858 697 1889 nec
746 1842 951 1889 Romam
1001 1857 1052 1888 se
1099 1842 1403 1898 intraturum,
1458 1859 1551 1891 nec

145 1927 360 1973 unquam
383 1910 558 1970 Sedem
585 1909 900 1957 Portuensem
931 1909 1266 1971 repetiturum.
1338 1909 1453 1960 Sed.
1499 1921 1552 1958 ut

146 1978 481 2025 animadvertit
531 1977 774 2034 Auxssius,
826 1981 1177 2038 juramertum
1200 1976 1321 2025 illud
1367 1977 1552 2026 nefarie

148 2062 204 2092 ac
231 2047 275 2091 vi
302 2055 545 2092 extortum
578 2043 684 2090 fuir.

222 2112 327 2175 Oby.
353 2115 414 2160 50
424 2113 684 2160 J‘Oannes
705 2112 819 2159 XII.
844 2111 891 2158 in
928 2111 1123 2175 Synodo
1150 2083 1313 2160 habita
1337 2129 1413 2161 an
1441 2116 1556 2164 964.

149 2192 265 2227 tom.
316 2184 363 2230 9.
415 2179 630 2238 Labbaei‚
682 2179 1023 2228 Ordinationes
1066 2181 1247 2228 Leonis
1295 2182 1554 2246 Antipapae

149 2249 302 2296 nullas
350 2248 580 2296 declarat.
619 2249 769 2295 Addit
822 2249 1102 2311 Sigebertus
1143 2248 1191 2294 in
1236 2250 1479 2299 Chronico
1528 2268 1557 2299 a

149 2317 316 2364 Leone
343 2316 602 2374 ordinatos,
640 2317 718 2379 qui
745 2316 1254 2381 dignijudicabantur,
1281 2318 1426 2367 fuisse
1453 2335 1555 2367 rur-

151 2400 253 2445 sum
281 2395 604 2432 consecratos.
634 2419 637 2422 -

218 2454 262 2500 R
304 2454 410 2499 dist.
445 2453 658 2501 Joannes
699 2453 815 2500 XII.
849 2452 1029 2500 Leonis
1073 2452 1415 2501 Ordinationes
1455 2453 1559 2501 irri-

151 2529 223 2565 tas
248 2536 304 2567 ac
343 2520 498 2570 nullas
524 2520 801 2578 declaravit,
841 2521 1001 2584 quoad
1040 2521 1273 2568 honorem
1316 2532 1363 2569 et
1400 2522 1559 2586 legiti-

155 2603 283 2633 mum
328 2589 576 2650 potestatis
615 2606 769 2645 usum,
806 2606 931 2636 eone.
966 2588 1125 2652 quoad
1160 2591 1474 2638 substantiam
1510 2602 1560 2639 et

154 2655 500 2712 characterem,
537 2673 640 2718 neq.
681 2658 777 2710 Qui
814 2673 846 2704 a
893 2657 1062 2705 Leone
1110 2657 1332 2714 ordinati,
1369 2675 1559 2707 rursum

155 2722 419 2769 consecrati
466 2736 584 2772 sunt¹
624 2725 988 2773 consecratione
1049 2740 1144 2772 non
1182 2719 1570 2784 sacramentali(

154 2806 280 2841 conc.
297 2792 625 2839 sacramentali
634 2810 759 2854 may.
786 2793 1029 2841 Addimus
1050 2794 1159 2841 haec
1176 2795 1322 2842 verba
1340 2811 1436 2842 non
1452 2811 1559 2842 esse

157 2857 413 2924 sigeberti,
450 2858 571 2905 sed
560 2861 706 2921 ipsius
724 2862 883 2910 textui
906 2861 1085 2917 inseita
1110 2862 1275 2917 fuisse,
1321 2874 1374 2908 ut
1400 2874 1561 2909 osten·

154 2926 224 2971 dit
265 2925 514 2972 Aubertus
552 2927 747 2975 Miraeus
784 2928 832 2976 in
875 2929 1087 2982 editione
1125 2930 1308 2994 Operis
1344 2929 1559 2990 ejusdem

158 2986 399 3058 Sigebexti
427 3009 567 3057 quam
595 2994 764 3054 emisit.

1296 3062 1560 3114 Solvuntur
