1846 3250
244 144 372 193 :316⁵
761 130 1196 197 TRAc'rATus

250 277 493 327 contrahit
534 291 687 338 quem<
716 276 904 335 Judex,
941 286 996 326 ut
1037 278 1151 327 olim
1177 279 1341 338 fiebat,
1378 280 1678 338 damnaverit

247 347 445 409 laqueo,
482 344 572 390 nisi
612 343 730 392 velit
778 355 1157 424 constupratam
1192 347 1446 411 virginem*
1475 349 1676 398 ducere.

253 413 403 459 Ratio
446 422 518 458 est
563 413 636 457 10·
673 411 787 475 quia
811 412 945 459 nulla
986 413 1029 461 ei
1055 413 1108 461 fit
1145 413 1333 492 injuria,
1371 432 1484 464 cum
1520 428 1691 465 metus-

241 484 377 540 juste
401 476 683 526 incutiatur.
756 480 838 525 20.
879 479 1035 533 Quia
1024 496 1072 527 m
1097 482 1277 545 nuptiae
1292 483 1387 531 sint
1405 494 1520 531 actu
1543 483 1680 531 invo-

248 544 524 602 luntariae,'
514 562 560 591 m
588 561 739 594 causa
759 554 921 594 tamen
942 548 1224 596 voluntariae
1247 560 1377 605 sunt,
1396 566 1508 598 cum
1527 551 1679 600 libere

250 612 545 677 stupraverit
594 612 846 676 virginem,
902 613 1153 678 libereque
1212 614 1425 665 fecerit
1423 632 1547 667 rem
1593 617 1678 666 tali

252 680 627 728 comminatione
652 682 863 743 dignam.

323 747 607 811 Requiritur
633 749 706 793 3⁰·
745 757 796 795 ut
830 756 989 795 metus
1026 748 1108 795 ille
1144 763 1173 796 a
1215 764 1376 803 causa,
1399 750 1679 811 extrinseca

251 824 298 863 et
325 815 478 863 libera
503 813 756 862 inferatur.
826 815 903 862 Ita
928 831 1097 862 omnes
1131 825 1242 878 post
1284 818 1540 865 Innocent.
1581 818 1679 865 ΙΙΙ.

252 899 360 946 cap.
434 883 563 941 Sicut
589 882 733 939 nobis,
773 881 835 929 de
863 882 990 945 Reg.
1016 882 1151 930 Hinc
1190 883 1228 930 si
1268 883 1372 945 quis
1397 895 1530 932 metu
1555 883 1680 932 infe-

248 966 413 996 rorum
455 959 540 997 aut
567 949 732 996 mortis
770 949 1064 997 imminentis
1088 966 1152 997 ex
1180 953 1349 998 morbo
1374 952 1450 999 vel
1488 952 1681 1000 naufra-

250 1016 332 1079 gio
370 1016 695 1064 concubinam
731 1026 815 1063 aut
855 1016 1071 1063 vitiatam
1108 1033 1132 1064 a
1173 1033 1225 1064 se
1261 1019 1472 1081 puellam
1510 1019 1675 1075 ducat,

246 1084 407 1131 valide
459 1084 719 1140 contrahit,
762 1083 892 1146 quia
939 1093 1098 1131 metus
1144 1083 1226 1131 ille
1286 1101 1480 1132 causam
1529 1085 1677 1133 habet

244 1151 557 1198 intrinsecam
584 1161 633 1198 et
668 1150 955 1208 naturalem,
992 1167 1154 1213 neque
1189 1153 1250 1200 ab
1289 1152 1399 1209 alio,
1437 1152 1524 1200 sed
1559 1168 1587 1200 a
1623 1168 1677 1200 se

243 1217 351 1281 ipso
378 1217 730 1265 determinatur
755 1217 817 1264 ad
843 1216 1214 1265 matrimonium.

314 1284 605 1345 Requiritul
630 1288 813 1331 40⁸11t
853 1295 1012 1332 metus
1052 1283 1274 1333 incussus
1316 1284 1533 1333 fueriteo
1575 1286 1671 1334 fine

245 1360 302 1400 ut
338 1352 520 1414 nuptiae
561 1353 734 1399 fierent
771 1351 834 1398 ad
874 1351 1192 1399 obtinendum
1219 1353 1524 1402 martimonio
1561 1370 1676 1401 con-

243 1435 459 1466 sensum.
529 1418 607 1465 Ita
654 1435 820 1466 omnes
869 1429 978 1481 post
1016 1417 1242 1466 eumdem
1292 1421 1463 1467 Innoc.
1496 1422 1592 1468 111.
1628 1421 1675 1467 in

246 1503 356 1550 cap.
397 1486 511 1534 Cum
553 1485 717 1534 locum.
755 1486 890 1533 Hinc
922 1486 1081 1533 valide
1125 1486 1385 1545 contrahit,
1419 1488 1523 1550 qui.
1558 1505 1602 1535 v.
1627 1505 1675 1551 g.

243 1554 294 1599 in
321 1569 521 1601 earcere
546 1562 747 1616 propter
773 1552 938 1600 debita
964 1553 1275 1613 constitutus,
1312 1554 1541 1603 creditori
1565 1572 1680 1619 pro-

243 1621 384 1684 ponit
421 1619 565 1666 filiam
605 1623 708 1679 ejus
743 1620 792 1664 in
830 1636 1035 1666 uxorem
1072 1621 1272 1678 ducere,
1310 1621 1485 1670 timens
1529 1638 1590 1670 ne
1627 1622 1675 1669 in

246 1697 538 1750 perpetuum
567 1686 615 1731 in
643 1701 701 1732 eo
728 1685 1020 1733 detineatur.
1091 1687 1238 1734 Ratio
1262 1698 1336 1735 est
1354 1689 1465 1749 quia
1485 1700 1677 1738 contra-

244 1756 368 1801 hens
395 1770 489 1800 non
534 1753 799 1815 impellitur
823 1754 883 1800 ab
921 1770 980 1800 eo
1022 1753 1103 1816 qui
1132 1764 1310 1800 metum
1348 1755 1553 1811 incutit;
1588 1756 1676 1804 sed

243 1823 350 1884 ipse
377 1821 503 1868 ultro
525 1830 575 1867 et
600 1821 873 1867 voluntarie
898 1819 1036 1881 eligit
1062 1820 1416 1872 matrimonium
1446 1833 1497 1871 ut-
1523 1823 1676 1872 medi·

243 1906 326 1937 um
349 1903 446 1951 quo
471 1887 650 1933 malum
676 1902 824 1950 grave
850 1887 1110 1934 devitetur.

322 1957 512 2011 Quaeres
540 1957 619 2000 20·
644 1970 742 2018 quo
761 1958 870 2014 jure
896 1963 1054 2002 metus
1083 1953 1441 2002 >matrimonium
1485 1956 1675 2005 dirimat

245 2033 295 2071 et
324 2034 484 2070 utrum
507 2021 625 2068 illud
651 2021 1052 2084 impedimentum
1078 2022 1287 2069 relaxari
1312 2022 1463 2085 possit
1481 2024 1504 2069 P

311 2091 372 2138 R.
410 2089 541 2136 circa
566 2089 693 2140 hanc
730 2087 1047 2151 quaestionem
1087 2105 1183 2135 non
1209 2090 1484 2139 consentire
1511 2090 1672 2139 Theo·

241 2158 402 2219 logos.
474 2156 573 2202 Alii
607 2157 777 2202 volunt
803 2166 984 2202 metum
1020 2171 1217 2232 gravem
1258 2157 1485 2205 dirimere
1511 2158 1672 2206 matri-

241 2224 455 2272 monium
475 2228 586 2284 Jure
612 2222 850 2277 naturali3
888 2222 1017 2285 quia,
1054 2223 1295 2285 inquiunt,
1333 2234 1491 2271 metus
1515 2224 1673 2287 gravis

244 2291 374 2338 tollit
417 2305 707 2337 consensum
742 2305 909 2336 verum
950 2298 1000 2335 et
1038 2289 1260 2336 liberum.
1331 2291 1433 2336 Alii
1470 2297 1693 2340 censent‘

236 2370 431 2412 ,metum
474 2373 572 2403 non
620 2355 845 2403 dirimere
893 2356 1249 2402 matrimonium
1289 2360 1401 2417 Jure
1448 2358 1677 2414 naturali„

244 2427 332 2473 sed
377 2432 566 2472 tantum
617 2422 970 2479 ecclesiastico,
1023 2423 1137 2486 quia
1183 2433 1342 2470 metus
1401 2440 1497 2471 non
1548 2425 1674 2474 tollit

243 2492 588 2547 voluntarium,
628 2506 738 2538 cum
765 2490 987 2539 voluntas
1008 2490 1119 2553 cogi
1144 2506 1240 2536 non
1268 2490 1435 2553 possit.

314 2557 565 2623 Quidquid
585 2557 663 2615 sit,
689 2558 860 2605 saltem
886 2567 1075 2605 certum
1104 2567 1178 2605 est
1202 2557 1321 2604 illud
1355 2558 1673 2622 impedimen-

243 2637 346 2674 tum
375 2642 471 2672 non
498 2641 640 2687 posse
681 2626 741 2672 ab
769 2624 995 2673 Ecclesia
1030 2623 1270 2680 relaxari;
1306 2640 1419 2673 cum
1449 2626 1674 2674 Ecclesia

242 2694 418 2741 merito
462 2692 653 2739 dicatur
688 2691 739 2739 id
779 2708 879 2739 non
926 2707 1085 2754 posse,
1136 2692 1267 2754 quod
1312 2693 1579 2755 prudenter
1623 2702 1673 2740 et

232 2771 368 2824 Juste
395 2775 487 2806 non
515 2768 710 2820 potest·
747 2759 879 2829 atqui
906 2757 1132 2807 Ecclesia
1169 2758 1440 2821 prudenter
1463 2771 1512 2808 et
1540 2765 1672 2822 juste

243 2845 340 2876 non
365 2835 527 2889 potest
551 2835 709 2873 ratum
734 2826 917 2873 habere
951 2824 1310 2874 matrimonium
1337 2843 1400 2875 ex
1426 2827 1588 2889 iniquo
1623 2837 1673 2874 et

240 2894 407 2959 gravi
405 2903 555 2941 metu
589 2902 926 2955 contractum3
961 2892 1075 2957 quia
1117 2904 1243 2955 tunc
1276 2893 1497 2955 injuriam
1531 2892 1672 2942 alteri

241 2964 426 3025 illatam
451 2959 775 3009 confirmaret.

1487 3027 1675 3083 Quoeres
