1846 3250
536 146 633 195 DE
671 146 1169 197 MATRIMONIO.
1479 145 1574 196 371
1604 219 1612 229 ν

530 320 535 391 J
585 349 998 399 ARTmULUs
1036 349 1136 398 111.

146 484 228 532 De
261 499 484 533 consensu.
518 484 777 532 Parentum
812 484 880 531 ad
936 483 1297 534 Matrimonium
1349 476 1579 534 Filiorum

741 551 981 617 requisito.

212 685 329 733 Duo
367 685 449 733 hic
488 684 816 749 expendenda
839 684 1057 741 veniunt,
1091 687 1170 731 10·
1209 701 1270 733 an
1311 682 1463 742 licite,
1503 686 1576 733 2⁰·

144 768 203 799 an
232 752 390 801 valide
416 754 499 800 filii
524 754 628 801 sine
652 763 906 816 parentum
934 769 1178 802 consensu
1217 752 1577 802 matrimonium

147 820 433 869 contrahere
458 821 644 885 possint
663 821 686 867 Ρ
1484 836 1494 843 “’
1533 824 1537 828 ’

150 954 196 1015 55.
239 959 282 1002 1.
322 956 401 1004 An
437 955 554 1004 Filii
587 955 687 1003 sine
722 956 983 1004 Parentum
1036 971 1258 1004 consensu
1292 954 1416 1004 licite
1462 955 1578 1005 bsa-

448 1023 714 1071 trimonz'um
749 1024 1020 1071 contrahere
1045 1023 1233 1085 possint
1254 1024 1280 1070 ?

214 1156 419 1204 Certum
475 1167 550 1206 est
605 1159 681 1203 10·
733 1155 875 1214 filios,
934 1156 1223 1205 inconsultis
1272 1156 1575 1220 parentibus,

143 1222 277 1272 licite
314 1240 412 1272 non
454 1240 598 1288 posse
651 1224 1008 1273 matrimonium
1063 1225 1202 1279 inire,
1255 1224 1343 1272 sed
1391 1224 1575 1274 debere

145 1307 338 1353 semper
373 1308 542 1340 eorum
579 1307 869 1341 consensum
908 1310 1098 1355 rogare.
1169 1292 1228 1341 Id
1271 1302 1463 1340 constat
1498 1293 1576 1339 10·

145 1374 207 1406 ex
249 1358 513 1424 Scripturis
565 1359 614 1407 in
652 1353 838 1423 'quibus
891 1361 1103 1424 graviter
1149 1359 1575 1427 reprehenduntur

145 1425 241 1486 qui,
277 1426 564 1476 inconsultis
612 1428 910 1491 parentibus,
972 1430 1210 1492 conjuges
1257 1437 1572 1492 acceperant,

145 1502 196 1540 et
230 1493 278 1540 in
315 1495 491 1558 quibus
526 1505 754 1558 parentes
797 1497 1035 1558 Jubentur
1075 1496 1185 1545 filiis
1215 1495 1313 1543 suis
1338 1499 1578 1558 conjuges

144 1560 291 1609 dare:
330 1563 608 1627 Datefilz'is
640 1564 803 1611 vestris
843 1581 1024 1621 uxores,
1060 1563 1130 1612 ait
1176 1565 1329 1622 Demi,
1370 1570 1416 1611 et
1430 1562 1573 1626 ,filias

143 1635 320 1677 vestras
354 1630 462 1677 date
495 1631 629 1688 viris,
688 1631 874 1680 Jerem.
927 1634 1007 1681 29.
1048 1647 1094 1678 v.
1127 1632 1177 1680 6.
1236 1631 1317 1677 20·
1359 1628 1440 1679 Ex
1481 1630 1577 1681 SS.

143 1694 411 1745 Patribus:-
439 1699 542 1746 Nec
576 1698 801 1747 inuterris
848 1697 947 1763 filii
996 1700 1097 1748 sine
1130 1716 1350 1748 consensu
1380 1707 1574 1764 patrum

142 1771 263 1811 recte
286 1771 331 1812 et
349 1768 469 1828 jure
492 1765 685 1823 nubunt,
721 1766 881 1830 inquit
922 1766 1033 1814 Lib.
1074 1767 1137 1814 ad
1171 1767 1412 1825 Uxorem,
1437 1783 1481 1816 c.
1523 1770 1572 1819 8.

143 1829 490 1891 Tertullianus,
542 1833 621 1880 cui
665 1833 843 1881 multos
880 1834 999 1881 alios
1035 1834 1252 1897 adjicere
1299 1850 1570 1897 possemus.

121 1900 220 1944 .30·
258 1899 339 1945 Ex
398 1900 617 1963 Legibus
676 1901 1038 1959 ecclesiasticis,
1099 1917 1218 1965 quas
1284 1901 1574 1952 Tridentina

146 1965 388 2027 Synodus,
414 1983 531 2015 sess.
557 1969 638 2015 24.
675 1968 737 2016 de
782 1968 1000 2016 Reform.
1035 1985 1077 2017 c.
1107 1972 1151 2016 1¹.
1180 1968 1251 2017 sic
1276 1969 1532 2018 confirmat
1557 1989 1571 2019 ε

146 2033 319 2080 Sancta
344 2035 443 2082 Dei
483 2035 691 2084 Ecclesia
734 2053 791 2084 ex
804 2036 1082 2098 justissimis
1123 2037 1275 2086 causis
1313 2036 1398 2086 illa
1444 2036 1573 2101 (ma-

142 2098 368 2148 trimonia
424 2100 529 2149 sine
588 2113 844 2166 parentum
907 2120 1149 2152 consensu
1195 2103 1341 2170 inita)
1392 2122 1573 2171 semper

141 2166 367 2215 detestata
392 2177 459 2217 est
481 2187 536 2218 ac
556 2170 811 2234 prohibuit.
862 2171 938 2218 4⁰·
976 2171 1055 2219 Ex
1082 2171 1300 2234 Legibus
1326 2172 1568 2228 civilibus,
1630 2227 1640 2231 ἣ

139 2232 363 2282 nimirum
390 2235 438 2281 in
465 2237 638 2285 Galliis
662 2253 728 2285 ex
766 2237 946 2286 Edicto
990 2239 1197 2287 Henrici
1223 2238 1292 2288 II.
1316 2256 1397 2289 an.
1424 2244 1569 2290 1556.

140 2299 328 2348 Edicto
359 2303 578 2352 Blesensi
636 2307 725 2353 sub
788 2305 1012 2354 Henrico
1058 2308 1158 2355 ΙΙΙ.
1216 2323 1294 2356 an.
1335 2308 1481 2359 1579.
1517 2319 1569 2357 et

124 2369 580 2419 -Constitutionibus
605 2372 729 2421 datis
754 2389 784 2421 a
824 2374 1016 2421 Ludov.
1046 2375 1193 2422 XIII.
1218 2391 1295 2423 an.
1334 2377 1480 2425 1629.
1516 2387 1569 2425 et

126 2436 286 2483 1639.
359 2438 435 2485 5⁰·
460 2439 541 2499 Ex
566 2440 1074 2505 rationetheologica.
1148 2442 1265 2490 Hoc
1289 2442 1425 2497 enim
1451 2459 1571 2506 erga

135 2512 367 2563 parentes
388 2503 437 2551 in
461 2521 515 2553 re
545 2507 667 2554 tanti
710 2508 942 2556 momenti
985 2508 1273 2572 obsequium
1316 2511 1568 2573 postulant

136 2571 411 2619 reverenda
465 2572 581 2637 ipsis
642 2573 821 2633 debita,
883 2575 1038 2623 honos
1105 2576 1220 2624 inis*
1269 2588 1566 2642 praeceptus‚

134 2634 422 2690 familiarum
458 2656 567 2701 pax,
605 2642 790 2704 optima
841 2642 1131 2692 societatum
1179 2644 1390 2694 civilium
1435 2648 1568 2696 Con-

135 2703 340 2759 stituti0‚
377 2705 495 2754 felix
521 2708 570 2754 in
594 2711 823 2774 praesenti
848 2720 898 2758 et
939 2711 989 2757 in
1031 2712 1185 2760 altera
1223 2712 1322 2761 vita
1346 2713 1565 2779 conjugi·

136 2778 274 2821 orum
300 2773 488 2821 exitus:

203 2837 404 2886 Certum
438 2851 514 2891 est
540 2842 622 2887 20·
658 2843 783 2892 filios
818 2855 933 2895 ante
968 2861 1146 2894 annum
1183 2846 1340 2895 aetatis
1370 2845 1563 2911 trigesi-

132 2920 263 2956 mum
302 2915 353 2957 et
387 2906 509 2976 filias
541 2919 657 2960 ante
691 2911 985 2976 vigesimum,
1014 2914 1239 2979 quintum
1275 2912 1449 2971 teneri,
1505 2925 1560 2965 ut

1425 2982 1562 3033 licite
1603 2992 1606 2993 ’
