1846 3250
625 179 720 226 DE
759 174 1051 227 ORDINE.
1489 152 1560 221 59'

215 318 401 373 Quoeres
428 319 494 363 5⁰·
530 314 636 377 quis
660 315 722 362 sit
749 313 1022 376 Episcopus
1046 279 1312 359 domicilii?

209 386 276 431 R.
301 399 408 431 eum
434 399 540 431 esse
565 384 611 429 in
639 388 774 444 qu'us
802 381 1020 429 Dioecesi
1057 379 1357 427 domicilium
1379 376 1552 442 aliquis

147 451 395 500 constituit
441 468 551 499 cum
592 451 752 499 animo
799 449 863 496 ibi
917 461 1156 512 perpetuo
1205 446 1551 502 commorandi,

145 521 324 584 quique
359 536 433 567 res
458 536 566 567 suas
592 536 676 566 scu
701 519 919 565 fortunas
956 516 1136 564 ibidem
1179 516 1406 564 collocat.
1477 515 1553 564 Ita

142 588 436 635 domicilium
469 588 636 635 definit
665 594 746 649 jus
772 587 928 643 civile,
973 601 1130 648 aquo
1127 585 1330 631 minime
1349 583 1552 631 recessit

134 661 214 717 jus
262 656 564 704 canonicum:
639 656 785 702 Porro
832 654 906 701 ad
941 664 1130 716 tempus
1171 653 1454 716 requisitum
1498 663 1552 698 ut

140 725 416 786 acquiratur
432 730 511 786 Jus
536 724 765 771 domicilii
791 723 868 770 alii
895 721 1184 769 decennium
1212 738 1321 769 cum
1352 719 1550 784 Synodo

140 792 409 840 Mediolan·
436 797 481 840 4.
507 809 615 840 ann.
640 794 780 842 1576.
821 802 870 838 et
891 790 1111 854 Aquensi
1137 807 1213 837 an.
1241 791 1385 839 1585.
1437 804 1550 835 exe-

139 872 347 922 gerunt:
384 861 464 908 alii
487 859 742 908 triennium
774 859 993 906 sufficere
1014 858 1288 922 opinantur.
1363 856 1549 903 Verum

142 944 251 975 cum
286 932 366 988 jus
390 927 762 976 illud-domicilii
799 927 1010 991 pendeat
1047 943 1110 974 ex
1145 927 1304 974 animo
1337 940 1552 973 commo=

140 996 277 1043 randi
312 997 359 1042 in
401 997 562 1060 aliquo
598 993 722 1054 loco,
760 996 981 1060 probatio
1017 995 1241 1058 acquisiti
1271 995 1369 1042 veri
1397 991 1548 1040 dorni-

139 1064 234 1111 cilii
270 1080 365 1111 non
403 1075 587 1112 tantum
631 1065 837 1112 habetur
879 1081 942 1112 ex
980 1063 1136 1126 spatio
1184 1062 1412 1126 temporis
1454 1077 1547 1123 quo

138 1132 242 1196 quis
277 1132 321 1178 in
366 1133 538 1181 eodem
573 1134 684 1180 loco
721 1143 900 1191 manet,
936 1132 1020 1179 sed
1047 1131 1161 1179 aliis'
1186 1131 1427 1179 nonnullis
1459 1129 1548 1176 cir-

141 1200 460 1248 cumstantiis.
531 1201 678 1249 Hinc
706 1202 875 1249 Innoc.
901 1201 1109 1247 XILin
1144 1201 1379 1263 praedicta
1415 1200 1550 1247 Con-

129 1268 387 1317 stitutione
415 1275 501 1331 jus
518 1269 745 1317 domicilii
773 1285 868 1316 non
894 1279 1082 1317 tantum
1117 1285 1181 1316 ex
1220 1279 1439 1332 ternpore
1465 1267 1550 1314 ha-

138 1336 399 1394 bitationis,
437 1337 524 1384 sed
556 1353 620 1385 ex
644 1337 883 1399 adjunctis
920 1337 1140 1384 aestimat.
1218 1337 1435 1384 Subditus
1472 1352 1549 1383 m-

142 1405 266 1452 tione
305 1403 539 1479 domicilii,
594 1405 765 1467 inquit,
802 1406 866 1452 ad
896 1407 1099 1469 effectum
1140 1405 1442 1469 suscipiendi
1461 1405 1552 1450 Or-

141 1472 288 1529 dines,
326 1472 365 1519 is
407 1474 635 1520 duntascat
681 1480 921 1520 censeatur
961 1472 1058 1537 qui,
1105 1471 1208 1519 licet
1254 1471 1366 1520 alibi
1412 1479 1550 1519 natus

116 1540 299 1603 fuerit,
334 1536 454 1588 illud
490 1549 641 1588 tamen
681 1541 796 1589 adeo
830 1540 1059 1587 stabiliter
1080 1540 1365 1588 constituerit
1390 1539 1440 1587 in
1465 1537 1552 1586 ali·-

141 1626 229 1672 quo
252 1607 365 1664 low,
404 1616 457 1656 ut
481 1608 552 1656 vel
563 1626 654 1674 per
675 1608 942 1657 decennium
965 1606 1127 1655 saltem
1168 1608 1217 1655 in
1251 1624 1305 1656 eo
1338 1607 1552 1655 habitan-

138 1677 213 1734 do,
249 1675 324 1723 vel
363 1676 577 1738 majorem
616 1693 767 1723 rerum
805 1693 859 1724 ac
894 1675 1109 1724 bonorum
1150 1691 1335 1723 suorum
1364 1683 1549 1740 partem

137 1760 236 1791 cum
272 1745 507 1794 instructis
547 1745 721 1793 cedibus
760 1745 809 1792 in
846 1742 992 1792 locum
1030 1743 1288 1808 hujusmodi
1322 1744 1549 1806 transfer·

137 1812 269 1869 endo,
306 1813 456 1877 ibique
490 1813 692 1877 insuper,
725 1830 812 1876 per
845 1810 1035 1875 aliquod
1066 1809 1398 1859 considerabile
1437 1820 1549 1859 tem-

133 1896 222 1943 pus
251 1883 585 1936 commorando,
622 1880 745 1927 satis
780 1896 1006 1944 superque
1046 1896 1175 1926 suum
1221 1887 1440 1943 perpetuo
1484 1879 1548 1927 ibi

136 1949 353 1996 manendi
386 1949 591 2003 animum
626 1947 1021 2002 demonstraverit,
1058 1955 1103 1994 et
1138 1945 1433 1994 nihilominus
1478 1946 1547 1993 ul-

137 2015 280 2062 terius
304 2023 496 2080 utroque
518 2033 625 2063 casu
649 2032 696 2062 se
731 2031 835 2062 vere
857 2022 902 2062 et
925 2014 1116 2063 realiter
1149 2014 1351 2061 animum
1392 2014 1550 2078 kzgjus-

138 2082 262 2130 modi
283 2082 451 2131 habere
464 2083 780 2146 jurejurando
798 2083 1008 2147 qffirmet.
1522 2115 1525 2118 -

209 2150 286 2197 Ex
325 2150 381 2197 iis
418 2161 554 2213 patet
595 2150 700 2198 illos
743 2153 824 2212 qui
853 2149 1137 2214 Republicae
1171 2161 1254 2198 aut
1279 2150 1548 2198 studiorum

142 2232 288 2265 causa
322 2218 368 2265 in
407 2218 509 2265 aliis
544 2218 819 2281 regionibus
844 2230 1220 2276 commorantur,
1258 2219 1305 2264 in
1331 2219 1404 2266 bis
1428 2218 1548 2266 locis

136 2301 304 2333 verum
352 2302 448 2333 non
489 2287 740 2350 acquirere
766 2286 1303 2348 domicilium‚-etiamsi
1341 2303 1427 2350 per
1463 2287 1547 2333 de-

139 2354 361 2403 cennium
388 2354 454 2401 ibi
477 2365 743 2412 manerent,
765 2353 892 2418 quia
907 2370 1080 2418 nempe
1105 2355 1315 2402 animum
1334 2371 1437 2402 ·non
1463 2354 1547 2401 ha-

136 2421 288 2469 bent
277 2439 325 2468 in
350 2422 405 2470 iis
429 2422 549 2470 locis
574 2433 809 2486 perpetuo
834 2423 1075 2470 manendi.

208 2490 399 2546 Quoeres
422 2493 503 2538 60.
527 2507 587 2538 an
606 2490 777 2554 aliquis
801 2507 930 2538 nunc
955 2491 1013 2537 in
1011 2489 1192 2538 Galliis
1217 2492 1276 2538 ab
1299 2491 1543 2555 Episcopo

138 2555 351 2605 dhmicili
375 2558 490 2606 licet
514 2558 662 2622 possit
689 2558 935 2607 ordinari?

208 2625 268 2672 R.
299 2628 373 2671 1⁰·
407 2626 554 2674 licere
571 2627 832 2674 etiamnum
857 2626 904 2672 in
932 2626 1103 2674 Galliis
1131 2626 1375 2692 Episcopo
1402 2592 1546 2675 Ordi-

114 2713 115 2716 ¹
138 2689 289 2739 nibus
301 2694 445 2741 sacris
470 2694 698 2742 addicere
722 2694 1018 2759 §familiarem
1059 2695 1147 2742 sihi
1187 2714 1277 2744 non
1301 2697 1547 2748 subditum,

142 2759 291 2806 modo
290 2777 391 2824 per
435 2763 681 2810 triennium
728 2779 857 2810 cum
877 2780 941 2811 eo
952 2764 1119 2826 suerit
1151 2772 1484 2817 commoratu-5¹,
1504 2771 1548 2810 et

140 2825 414 2888 beneficium,
449 2847 726 2895 quacumque
749 2831 929 2892 fraude
946 2839 1165 2887 cessante,
1203 2832 1358 2878 statim
1382 2832 1547 2892 reipsa

140 2892 213 2940 illi
235 2895 456 2956 conferat,
466 2907 623 2958 prout
645 2897 885 2945 sancitum
913 2909 984 2945 est
1011 2914 1039 2945 a
1065 2898 1407 2946 Concil.fr1d
1431 2914 1547 2946 sess.

139 2962 219 3008 23.
246 2977 289 3008 c.
316 2965 359 3010 9.
386 2967 521 3025 qu‘us
547 2965 694 3012 verba
734 2965 1000 3013 retulimus,
1038 2966 1347 3030 Privilegium
1383 2976 1546 3014 autem

1417 3033 1543 3081 istud
