1846 3250
553 148 650 198 DE
690 134 1599 200 MATRIMON‘10.321

1472 248 1476 251 ⁴
1490 242 1511 254 ,ιι

184 302 327 352 quam
368 280 610 333 contrahit
652 296 858 345 sponsus
899 297 1010 329 cum
1052 278 1423 344 consanguineis
1463 295 1618 356 spon-

186 372 267 411 sae,
305 363 352 400 et
378 350 586 398 vicissim
622 366 800 413 sponsa
853 365 965 396 cum
1016 347 1389 424 consanguineis
1425 347 1609 411 sponsi.

187 421 321 469 Hinc
358 417 518 466 differt
553 418 613 464 ab
673 416 921 473 affinitate,
983 432 1091 483 quae
1149 416 1300 463 oritur
1337 432 1398 463 ex
1448 415 1614 462 matri-

185 486 345 535 monio
371 493 708 534 consummato
741 499 856 531 cum
893 498 1115 546 personae
1157 483 1464 547 desponsatae
1499 497 1616 530 con-

184 551 478 617 sanguineis.

253 619 662 683 Impedimentum
700 616 821 664 illud
871 617 995 665 Jure
1055 616 1182 663 civili
1243 616 1397 679 primo
1445 616 1618 665 induc·

187 697 374 745 tum‚a
346 688 405 735 ab
444 686 672 734 Ecclesia
704 684 797 732 fuit
831 693 1005 746 postea
1045 684 1349 746 adoptatum,
1411 695 1464 733 ut
1500 700 1620 733 con-

188 765 284 803 stat
310 770 373 802 ex
399 754 521 802 Jure
547 752 784 800 canonico
809 762 858 799 et
887 751 1076 799 Concil.
1102 749 1238 797 Trid.
1278 767 1395 799 sess.
1433 755 1514 800 24.
1546 752 1619 799 rde

190 821 411 870 Reform.
436 819 742 878 matrimonii,
772 835 816 867 c.
859 821 906 866 3.
946 834 1078 865 nunc
1115 818 1165 864 in
1199 818 1356 865 Curiis
1381 819 1620 882 supremis

190 888 479 938 admittitur.

258 954 670 1018 Impedimentum
695 953 791 1001 hoc
835 953 905 1001 sic
947 951 1221 1015 appellatur
1263 967 1321 999 eo
1366 953 1497 1015 quod
1523 969 1621 998 non

188 1023 249 1070 sit
292 1022 527 1069 decorum
566 1030 617 1068 et
660 1021 917 1068 honestum
963 1028 1015 1066 ut
1040 1018 1111 1064 vir
1149 1019 1229 1082 qui
1272 1020 1516 1082 sponsalia
1542 1021 1620 1067 vel

190 1087 548 1137 matrimonium
589 1087 835 1135 contraxit
880 1103 989 1134 cum
1031 1087 1212 1149 puella,
1249 1087 1392 1134 aliam
1426 1103 1487 1134 ex
1516 1093 1620 1150 ejus

190 1155 563 1219 consanguineis
588 1154 637 1200 in
661 1170 867 1202 uxorem
894 1155 1059 1201 ducat.

261 1224 450 1279 Quaeres
479 1225 553 1268 10·
579 1238 674 1285 quo
699 1221 747 1267 in
772 1221 929 1284 gradu
953 1221 1183 1268 honestas
1209 1221 1423 1284 publica,
1466 1223 1505 1270 si
1553 1238 1618 1271 ex

188 1290 493 1354 sponsalibus
519 1304 641 1344 orta,
680 1287 1036 1336 matrimoniun
1063 1288 1295 1338 dirimat?

259 1356 325 1404 R.
361 1356 764 1419 impedimentum
799 1355 911 1411 hoc,
950 1355 1081 1418 quod
1124 1355 1237 1402 olim
1271 1355 1333 1403 ad
1357 1357 1618 1421 septimum

190 1423 412 1485 gradum,
451 1432 501 1470 et
542 1433 650 1485 post
680 1421 953 1470 Concilium
993 1423 1326 1470 Lateranense
1369 1441 1618 1487 magnum,

189 1491 249 1537 ad
279 1500 503 1553 quartum
532 1490 770 1536 duntaxat
812 1489 1190 1546 extendebatur,
1238 1507 1370 1537 nunc
1410 1492 1621 1554 primum

190 1558 395 1618 gradum
433 1573 529 1604 non
567 1556 829 1611 excedere,
868 1571 971 1602 rem
1019 1556 1090 1603 sic
1131 1565 1379 1604 statuente
1429 1559 1620 1609 Concil.

194 1624 329 1671 Trid.
353 1639 471 1671 seSS.
497 1626 576 1671 24.
603 1624 664 1670 de
693 1621 910 1669 Reform.
934 1637 980 1668 c.
1006 1626 1051 1670 3.
1078 1623 1200 1670 Ideo
1224 1639 1430 1687 sponsus
1456 1636 1622 1689 potest

190 1691 347 1738 valide
373 1689 731 1737 matrimonium
756 1688 878 1737 inire
917 1704 1029 1736 cum
1071 1689 1295 1738 omnibus
1327 1694 1619 1756 consangui-

190 1759 292 1805 neis
316 1773 523 1820 sponsae,
560 1768 883 1820 praeterquam
928 1772 1039 1803 cum
1081 1762 1183 1819 ejus
1224 1767 1377 1806 matre
1402 1760 1478 1808 vel
1520 1761 1619 1809 filia

189 1825 265 1871 vel
291 1839 474 1871 sorore.
1296 1837 1304 1849 ‘

252 1892 455 1947 Qecoeres
480 1892 561 1936 2<-
598 1906 657 1937 an
684 1888 1088 1952 impedimentum
1128 1890 1396 1940 honestatis
1435 1894 1619 1956 oriatur

192 1974 254 2005 ex
281 1956 584 2019 sponsalibus
610 1956 754 2003 etiam
780 1957 1039 2003 invalidis?

260 2024 325 2070 R.
361 2039 424 2070 ex
460 2024 581 2071 Jure
617 2039 743 2070 novo
796 2024 927 2086 quod
964 2023 1237 2072 Concilium
1282 2026 1415 2076 Trid.
1466 2028 1618 2078 intro·

192 2089 351 2146 duxit,
387 2089 788 2152 impedimentum
830 2090 951 2137 illud
989 2107 1085 2138 non
1118 2091 1187 2138 ori
1214 2092 1303 2140 nisi
1330 2110 1392 2142 ex
1418 2112 1618 2159 sponsa-

190 2158 315 2204 libus
351 2157 548 2205 validas.
643 2156 852 2205 Publicae
915 2157 1182 2214 honestans,
1233 2158 1390 2224 inquit
1454 2179 1619 2212 sacro-

190 2233 358 2271 sancta
377 2225 443 2288 S)
447 2225 602 2271 nodus
623 2222 757 2271 Trid.
775 2239 893 2271 sess.
914 2226 991 2271 24.
1012 2226 1074 2272 de
1094 2225 1313 2273 Reform.
1336 2244 1442 2292 cap.
1465 2235 1509 2278 3.
1532 2233 1617 2280 im-

178 2292 511 2352 pedimentum,
549 2291 639 2345 abi,
681 2291 915 2355 sponsalia
941 2310 1227 2358 quacumque
1250 2295 1431 2344 ratione
1454 2298 1614 2346 υαῖῑιίτ

190 2374 280 2406 non
305 2365 454 2413 erunt,
488 2365 650 2406 sancta
692 2360 904 2421 Synodus
936 2377 1134 2423 prorsus
1172 2360 1309 2419 tollit,
1347 2362 1425 2412 ubi
1460 2368 1614 2414 autem'

186 2424 345 2472 valida
358 2426 572 2487 ιῙὶιεηίιΐ,
596 2424 805 2486 primum
819 2426 1022 2487 gradum
1048 2444 1139 2474 non
1163 2430 1369 2476 excedat.

261 2489 449 2542 Quibus
473 2501 636 2538 autem
677 2491 739 2539 de
783 2492 940 2539 causis
981 2492 1192 2540 invalida
1227 2495 1323 2542 sint
1353 2500 1614 2563 sponsalia,

191 2572 220 2603 a
255 2556 392 2603 nobis
426 2568 572 2605 antea
606 2558 791 2606 dictum
828 2568 918 2606 est.
1011 2561 1247 2614 Quaedam
1296 2573 1484 2622 tantum
1526 2568 1616 2615 ad-

192 2623 381 2670 demus.
420 2625 943 2688 10·1mpedimentum
980 2625 1250 2676 honestatis
1301 2646 1365 2678 ex
1416 2649 1613 2696 sponsa·

190 2690 317 2737 libus
351 2687 519 2738 validis
572 2701 748 2749 ortum,
804 2703 878 2739 est
935 2704 1245 2758 perpetuum,
1303 2713 1397 2746 nec
1433 2714 1614 2760 cessat,

193 2756 380 2804 etiamsi
404 2767 574 2819 postea
599 2759 937 2815 dissolvantur,
972 2762 1074 2810 sive
1111 2779 1198 2825 per
1237 2774 1443 2813 mortem
1492 2769 1615 2817 alte-

191 2823 289 2870 rius
325 2824 715 2873 contrahentium
751 2828 850 2874 sive
909 2842 994 2891 pet
1049 2840 1273 2878 mutuum
1319 2836 1616 2886 consensum

192 2889 461 2955 utriusque.
535 2891 614 2942 Sic
649 2908 782 2959 saepe
815 2893 1080 2947 declaravit
1114 2898 1445 2962 Congregatio
1493 2901 1616 2951 Car-

1304 2986 1309 2995 ·
1366 2963 1611 3031 dinalium,
