1846 3250
254 150 318 200 76
744 144 1170 219 TnAcTATus

251 285 429 333 malum
446 280 721 345 Principem
747 295 842 329 non
868 297 972 329 esse
984 280 1258 345 Principem
1284 281 1370 330 sed
1387 291 1658 346 tyrannum.

250 357 321 400 At
340 352 449 399 ideo
473 365 570 396 non
595 358 800 411 negatur
825 348 1060 409 ejusmodi
1088 349 1357 414 Episcopos
1382 352 1456 399 vel
1487 352 1658 401 Sacer-

251 424 390 469 dotes
416 418 747 466 characterem
774 417 966 465 habere.

320 487 465 535 Nota.
502 484 729 533 Diximus
755 484 1124 533 ordinationem
1147 485 1309 534 valere
1336 495 1568 550 quantum
1593 488 1657 539 ad

250 557 602 605 characterem.
672 552 798 599 Nam
833 564 1022 600 certum
1049 562 1123 601 est
1149 554 1418 616 ImpronS,
1445 554 1654 603 Haereti-

251 640 351 681 005,
387 617 565 671 aliosve
603 620 779 668 similes
814 621 993 668 nullam
1035 620 1084 669 in
1109 620 1427 669 ordinatione
1451 622 1655 685 gratiam

244 690 514 757 percipere.

319 760 559 811 Caeterurn
597 755 657 804 de
693 755 849 804 hocce
891 765 1173 819 argumento
1216 767 1265 806 et
1302 756 1655 820 objectionibus

250 837 421 877 contra
442 826 568 872 hanc
607 834 897 888 postremam
941 824 1315 887 propositionem
1342 824 1654 874 militantibus

246 890 401 943 fusius
440 892 616 940 dicturi
655 908 836 950 sumus,
872 892 955 940 ubi
997 892 1058 940 de
1084 893 1365 943 charactere
1397 909 1485 957 per
1511 892 1656 942 Ordi-

243 980 355 1012 nem
378 976 625 1026 impresso.

693 1094 1100 1145 ARTICULUS
1137 1097 1203 1144 ΙΙ.

244 1236 331 1283 De'
346 1232 731 1297 dispositionibus
753 1249 809 1279 ac
827 1231 1170 1280 conditionibus
1193 1233 1245 1278 in
1264 1231 1564 1281 Ordinandis
1583 1233 1654 1286 ‚ad

437 1302 640 1350 Ordines
664 1300 863 1362 leyitime
884 1300 1204 1362 suscipiendos
1226 1301 1478 1363 requisitis.

309 1439 500 1487 Decem
526 1444 839 1485 recensentur
858 1451 886 1482 a
911 1431 1189 1498 Theologis‚
1224 1433 1431 1492 vocatio,
1458 1433 1565 1483 vitae
1598 1445 1647 1483 et

241 1523 428 1554 morum
454 1505 683 1568 probitas,
721 1503 939 1560 scientia,
976 1513 1105 1560 aetas,
1142 1503 1325 1560 titulus,
1363 1512 1417 1549 ut
1445 1518 1550 1548 non
1566 1499 1649 1549 fiat

235 1590 326 1638 per
350 1574 540 1628 saltum,
577 1570 849 1627 interstitia,
887 1581 1075 1634 tempus
1098 1579 1348 1627 statutum,
1384 1569 1573 1626 locus,
1561 1585 1646 1616 irn-

240 1641 448 1688 munitas
494 1640 554 1686 ab
590 1637 963 1701 impedimentis.
1032 1638 1110 1684 De
1152 1637 1422 1693 vocatione,
1460 1653 1646 1685 morum

238 1709 482 1772 probitate
507 1716 557 1754 et
598 1705 798 1754 scientia
823 1705 871 1751 in
898 1704 1100 1753 Clericis
1137 1704 1384 1768 requisita,
1425 1704 1645 1753 dicemus

238 1778 288 1824 in
315 1777 548 1824 Tractatu
573 1773 634 1822 de
671 1773 811 1821 variis
848 1782 1060 1821 statuum
1097 1772 1484 1835 obligationibus.
1555 1773 1645 1819 Su-

239 1854 399 1908 perest
426 1853 477 1893 ut
503 1842 565 1890 de
589 1851 774 1904 septem
811 1839 915 1888 aliis
938 1840 1329 1903 dispositionibus
1360 1850 1444 1887 aut
1479 1840 1647 1887 condi-

240 1913 453 1961 tionibus
476 1910 538 1959 'ad
577 1909 787 1956 Ordines
809 1908 1027 1972 legitime
1051 1907 1382 1971 suscipiendos
1405 1906 1652 1972 requisitis

241 1981 460 2045 quaedam
484 1976 830 2030 edisseramus.

859 2110 1022 2158 AEtas.

306 2253 455 2301 Certa
480 2247 698 2313 quaedam
726 2254 838 2293 aetas
862 2243 1121 2309 requiritur
1144 2245 1190 2292 in
1228 2244 1283 2293 iis
1307 2245 1386 2310 qui
1411 2246 1472 2294 ad
1499 2244 1644 2294 Ordi-

239 2338 324 2371 nes
349 2316 664 2384 promovendi
687 2324 814 2372 sunt,
854 2324 908 2361 ut
930 2313 1171 2377 sapienter
1196 2326 1361 2361 monet
1387 2314 1435 2362 S.
1462 2313 1639 2361 Paulus

237 2390 312 2436 his
336 2386 523 2436 verbis·
559 2383 755 2432 Nemini
790 2383 879 2429 cito
901 2397 1073 2428 manus
1107 2382 1395 2442 imposueris,
1431 2398 1532 2443 quae
1571 2383 1640 2429 sic

234 2459 580 2532 interpretatur
608 2452 657 2499 S.
676 2449 781 2497 Leo
808 2449 1014 2512 Epistol.
1045 2451 1085 2494 1.
1118 2447 1252 2504 Quid
1269 2456 1335 2494 est
1367 2457 1522 2495 autem
1540 2466 1639 2495 ma-

237 2530 330 2587 nus
352 2525 441 2570 cito
464 2524 711 2597 imponere,
746 2518 841 2564 nisi
863 2524 972 2563 ante
994 2522 1174 2564 oetatem
1206 2517 1507 2571 maturitati&
1532 2526 1643 2574 ante

237 2601 431 2653 tempus
439 2589 682 2643 examinis,
717 2593 826 2632 ante
863 2585 1080 2630 meritum
1103 2581 1293 2640 laboris,
1328 2590 1436 2631 ante
1460 2587 1640 2647 essperi-

235 2660 410 2731 entiam
443 2653 709 2717 disciplina?
729 2652 755 2699 .9

313 2725 508 2785 Quoeres
533 2735 750 2785 quaenam
786 2717 985 2782 praecise
1020 2726 1136 2765 aetas
1170 2715 1220 2763 in
1244 2695 1537 2781 Ordinandis
1566 2734 1647 2797 ref

237 2793 481 2868 quiratui.
468 2790 491 2835 Ρ

304 2863 367 2910 R.
406 2863 449 2908 1.
481 2852 723 2903 veteribus
771 2850 1008 2900 Ecctesiae
1055 2853 1352 2928 temporibus
1399 2852 1643 2907 diversam

236 2937 428 2986 aetatem
456 2922 604 2972 fuisse
641 2912 936 2985 requisitam.
1009 2920 1084 2968 De
1121 2920 1176 2969 iis
1209 2922 1317 2971 vide
1343 2920 1645 3000 Ματιεηὶιιιιιζ

235 3009 317 3062 aut
340 2991 619 3048 Vitassium‚
656 2997 779 3055 part.
809 2991 849 3035 1.
884 3004 932 3053 p.
960 2988 1074 3061 406.
1394 3057 1401 3068 ζ
1472 3044 1516 3102 R
1558 3055 1635 3088 oo
