1846 3250
531 175 628 241 DE
665 153 1166 241 MATmMomo.
1207 235 1209 237 ,
1485 145 1573 237 47'
1603 226 1606 227 γ

166 326 227 373 tis
267 326 456 375 crimine
494 326 841 375 condemnatum
882 324 1127 381 invenerit,
1152 322 1194 371 si
1208 319 1460 372 latronum
1497 337 1598 370 sus-

164 401 386 456 ceptorem
405 388 688 473 probaverit3
726 402 835 442 tunc
857 393 1096 469 repudzum
1122 391 1167 439 ei
1185 389 1513 454 permittimus.

233 458 366 507 Hinc
394 463 475 507 3⁰·
508 460 546 507 si
573 459 836 524 conjugum
863 476 987 507 unus
1027 458 1075 505 in
1105 457 1326 505 haeresim
1350 457 1427 504 vel
1453 469 1593 520 apos>-

162 536 235 573 tas
217 526 332 573 iam
357 526 520 590 lapsus
544 526 707 583 fuerit,
734 528 810 575 vel
853 528 1058 575 alterum
1104 530 1362 588 conjugem
1388 524 1450 571 ad
1476 539 1599 587 pec·

162 604 325 640 catum
363 593 611 652 sollicitet,
647 594 775 644 adeo
806 603 861 643 ut
895 610 991 640 non
1033 593 1185 657 possit
1223 592 1267 640 ei
1311 591 1593 641 cohabitare

163 660 266 707 sine
322 661 578 710 manifesto
622 663 814 710 >Deum
862 660 1141 710 offendendi
1186 659 1424 723 periculo,
1473 669 1597 707 tunc

164 727 302 775 adest
330 734 463 790 J'usta
486 728 676 777 divortii
703 743 866 778 causa.
897 729 1013 776 Ita
1039 732 1120 789 jus
1145 726 1451 774 canonicum
1540 725 1594 774 Si

158 800 281 855 'vero
315 801 495 858 conjux
539 796 799 844 haereticus
832 796 909 844 vel
969 808 1226 860 perversus
1270 794 1332 842 ad
1390 791 1594 841 meliora

163 851 378 920 redierit,
417 867 595 925 conjux
629 863 864 911 innocens
924 879 1034 911 eum
1089 861 1310 925 recipere
1347 861 1495 909 debet
1532 876 1596 908 ex

167 928 369 978 Urbano
417 930 561 979 VIII.
596 947 704 995 cap.
739 932 797 979 de
830 930 931 982 illa,
984 929 1046 977 de
1094 927 1347 976 Divortiis.
1441 921 1599 977 Secus

164 1011 280 1045 vero
306 1006 566 1060 antequam
590 997 739 1046 fuerit
763 996 1064 1054 emendatus,
1092 995 1389 1043 Existimant
1429 1003 1597 1042 tamen

162 1078 258 1109 non
284 1064 426 1126 pauci
454 1064 501 1110 in
528 1080 642 1112 casu
674 1062 871 1112 haeresis
895 1064 972 1111 vel
1014 1061 1286 1126 apostasiae‚
1330 1062 1594 1109 divortium

162 1128 266 1177 fieri
306 1141 616 1199 perpetuum,
653 1128 716 1179 ad
754 1131 976 1194 conjugis
1015 1130 1291 1177 innocentis
1323 1127 1593 1187 arbitrium,

164 1197 334 1245 saltem
372 1209 482 1262 post
518 1200 753 1261 prolatam
801 1197 993 1247 Judicis
1043 1196 1363 1245 Sententiam
1454 1195 1593 1244 Dum

163 1264 357 1327 vigebat
402 1266 450 1312 in
489 1266 660 1314 Galliis
722 1264 952 1314 Edictum
1014 1265 1347 1322 Nannetense,
1395 1261 1593 1312 haeresis
1669 1320 1673 1321 ⁷

161 1347 258 1378 non
286 1342 388 1380 erat
413 1333 653 1382 sufficiens
679 1332 868 1381 divortii
895 1348 1058 1381 causa.

232 1399 603 1448 Observandum
648 1404 718 1449 10·
765 1411 967 1465 propter
1023 1415 1194 1449 causas
1246 1413 1362 1447 mox
1409 1413 1595 1448 memo-

160 1475 289 1516 ratas
315 1477 363 1515 et
389 1468 448 1516 ab
469 1467 709 1516 adulterio
734 1468 948 1517 diversas
973 1466 1296 1516 communiter
1321 1482 1417 1515 non
1442 1465 1594 1517 licere

161 1534 449 1598 conJ’ugibus
506 1535 694 1599 privata
748 1535 1038 1584 auctoritate
1086 1533 1345 1583 divortium
1406 1533 1591 1592 facere,

159 1600 209 1647 in
245 1601 399 1666 iisque
436 1602 628 1652 casibus
663 1618 761 1650 non
820 1619 962 1652 secus
1021 1618 1081 1651 ac
1115 1601 1164 1648 in
1201 1617 1318 1650 casu
1364 1598 1594 1650 adulterii

162 1669 525 1733 expectandum
562 1686 667 1719 esse
703 1665 896 1720 Judicis
931 1661 1250 1725 Sententiam,
1273 1678 1475 1732 propter
1516 1684 1594 1716 ra-

160 1736 318 1785 tiones
351 1752 487 1803 quas,
526 1737 607 1786 ubi
644 1738 707 1786 de
760 1737 985 1785 adulterii
1045 1750 1207 1792 causa,
1257 1734 1593 1788 delibavimus.

162 1803 317 1852 Secus
344 1814 506 1853 tamen
531 1805 674 1863 foret,
712 1804 748 1852 si
778 1809 957 1866 conjux
985 1807 1245 1870 conjugem
1265 1801 1327 1850 ad
1353 1802 1591 1861 baeresim,

160 1870 449 1934 apostasiam
475 1882 558 1920 aut
577 1872 639 1920 ad
659 1871 790 1921 aliud
806 1870 1044 1936 flagitium
1058 1867 1294 1919 inducere
1314 1881 1592 1931 conaretur,

161 1949 210 1987 et
236 1938 507 2001 periculum
537 1950 665 1988 esset
688 1939 737 1987 in
763 1954 910 1987 mora.

231 2007 493 2063 Caeterum,
531 2007 621 2055 etsi
662 2007 995 2070 separationes»
1032 2004 1194 2070 quoad
1239 2004 1593 2054 habitationem

161 2072 349 2136 privata
405 2074 697 2123 auctoritate
733 2075 883 2138 vulgo
941 2073 1047 2121 fieri
1083 2090 1180 2122 non
1220 2073 1450 2130 debeant,
1500 2072 1592 2121 etsi

163 2139 493 2203 separationes
520 2141 755 2204 eJusmodi
782 2158 890 2206 quae
923 2157 1055 2189 nunc
1079 2150 1190 2188 sunt
1215 2140 1592 2203 frequentiores,

159 2207 458 2255 scandalosae
491 2208 586 2256 sint
634 2224 693 2257 ac
734 2208 976 2272 vituperio
1030 2207 1339 2272 dignissimae,
1387 2207 1593 2271 expedit

159 2284 320 2322 tamen
357 2270 614 2338 aliquando
650 2293 735 2325 eas
789 2277 961 2325 saltem
1009 2276 1072 2324 ad
1120 2286 1314 2338 tempus
1361 2272 1595 2332 tolerare,

158 2341 222 2388 ad
257 2343 577 2416 praecavenda
616 2344 839 2407 graviora
890 2343 1032 2391 mala.
1126 2342 1330 2391 Interim
1381 2342 1597 2392 Par-ochi*

159 2420 326 2456 curam
388 2426 579 2458 omnem
643 2411 927 2476 impendere
985 2410 1170 2459 debent
1215 2410 1278 2456 ad
1326 2409 1592 2472 placandos

160 2475 408 2523 discordes
433 2477 700 2526 animorum
726 2488 887 2527 motus
918 2487 968 2525 et
993 2493 1163 2540 pacem
1190 2476 1591 2540 promovendam,

160 2554 307 2606 atque
333 2542 402 2597 ad
420 2542 486 2600 id,
511 2544 550 2591 si
572 2561 693 2608 opus
719 2556 808 2601 est,
856 2544 1086 2609 Episcopi
1130 2560 1275 2607 opem
1315 2542 1592 2607 implorare.

161 2609 393 2658 Similiter
437 2612 730 2660 Confessarii
772 2611 1122 2661 discordiarum
1166 2627 1362 2659 causam
1405 2627 1594 2674 expen-

160 2673 287 2725 dere
332 2677 531 2732 debent,
585 2679 1040 2743 absolutionemque
1088 2678 1333 2741 denegare
1393 2678 1592 2741 conjugi

161 2742 242 2806 qui
285 2744 419 2792 sine
439 2745 659 2808 legitima
713 2762 861 2796 causa
918 2747 980 2795 ad
1029 2755 1302 2832 consortem
1351 2744 1594 2811 pertinaci

159 2809 319 2857 animo
346 2810 505 2861 redire
531 2813 707 2861 renuit.

230 2877 617 2927 Observandum
629 2883 709 2935 20·
735 2879 1024 2945 conjugibus
1064 2890 1266 2944 propter
1290 2894 1461 2927 causas
1487 2894 1591 2926 rno-

159 2942 226 2993 do
268 2942 558 3029 memoratas
597 2963 694 2996 non
726 2947 895 3009 licere,
932 2948 1060 2998 sicut
1101 2947 1148 2995 in
1188 2963 1302 2997 casu
1341 2944 1588 3003 adulterii,

1272 3011 1588 3063 monasticam
