1846 3250
157 200 159 202 ν
234 179 338 228 440
746 149 1177 225 TRAcTATUs

239 309 341 368 Sic,
381 325 425 356 v.
473 323 522 370 g.
568 314 624 354 ut
658 305 707 354 in
743 306 848 371 ipsa
884 310 1097 373 conjugii
1148 310 1351 360 materIa
1407 311 1672 378 seligamus

240 375 535 440 exemplum,
572 375 754 425 bonum
792 386 881 432 est,
935 377 1210 437 honestum,
1246 378 1420 427 rationi
1469 396 1673 429 consen-

240 456 439 493 taneum
466 442 512 488 in
539 442 758 489 secundo
783 444 860 490 vel
886 445 1030 491 tertio
1055 447 1209 507 gradu
1234 464 1331 493 non
1370 449 1674 504 connubere,

239 511 455 576 ideoque
482 509 708 572 conjugia
734 510 858 557 inter
882 511 990 559 illos
1033 513 1251 576 Legibus
1275 514 1497 563 humanis
1521 514 1675 564 vetita

240 588 389 635 sunt;
423 577 510 625 sed
536 593 632 624 non
670 577 782 624 ideo
824 579 1059 640 ejusmodi
1098 581 1343 629 connubia
1382 582 1490 630 Juri
1532 592 1673 630 natu-

241 646 331 695 rali
356 646 688 693 adversantur.

314 714 459 764 Dices
500 715 577 757 10·
636 711 826 760 Natura
883 713 1173 762 matrimonii
1241 714 1538 763 individuam
1586 731 1676 764 seu

244 779 628 833 indissolubilem
655 779 766 826 vitae
790 781 1076 828 societatem
1119 783 1352 845 postulat,
1387 794 1441 831 ut
1483 792 1675 831 constat

247 864 311 897 ex
338 847 517 908 ubique
542 857 744 910 recepta
770 852 871 909 ejus
896 848 1195 911 definitione.
1273 850 1424 913 Ergo,
1450 854 1539 898 ὅτε.

314 915 381 963 R.
405 916 531 964 dist„
555 914 941 972 Matrimonium,
980 926 1034 963 ut.
1080 933 1212 964 nunc
1250 927 1340 973 est,
1377 918 1545 981 posita
1577 916 1677 966 Dei

247 981 572 1036 ordinatione,
632 981 929 1029 individuam
995 1000 1081 1030 seu
1137 983 1520 1032 indissolubilem
1566 985 1677 1032 vitae

244 1049 533 1097 societatem
560 1048 733 1110 exigit,
754 1066 876 1097 conc.
904 1050 1261 1097 matrimonium
1287 1068 1376 1114 per
1399 1068 1469 1108 se,
1513 1067 1677 1100 essen-

245 1117 445 1170 tialiter,
482 1115 530 1161 in
558 1116 686 1162 omni
711 1125 841 1163 statu
866 1117 1098 1179 possibili,
1141 1119 1355 1181 postulat
1380 1118 1678 1167 individuam

244 1184 357 1232 vitae
381 1182 685 1237 societatem,
711 1200 815 1247 weg.

315 1251 464 1300 Dices
512 1252 593 1295 20·
630 1250 932 1297 Matrimonii
975 1250 1370 1300 indissolubilitas
1411 1251 1684 1301 necessaria

248 1328 325 1368 est
348 1318 449 1366 sive
475 1316 536 1364 ad
562 1316 928 1380 generationem
976 1319 1076 1366 sive
1117 1319 1179 1366 ad
1204 1320 1545 1368 educationem
1571 1335 1681 1384 pro-

246 1386 325 1434 lis.
422 1384 558 1447 Ergo
582 1383 686 1432 sine
728 1385 810 1435 illa
852 1386 1066 1448 primarii
1107 1387 1228 1433 fines
1270 1386 1559 1435 matrimonii
1584 1403 1683 1434 non

245 1460 453 1518 possunt
479 1451 703 1500 obtineri.
791 1451 916 1499 Haec
939 1453 1143 1515 proinde
1167 1455 1201 1502 J
1207 1471 1290 1502 ure
1329 1454 1537 1503 naturali
1561 1470 1684 1519 prae-

248 1520 495 1569 scribitur.

321 1589 386 1635 R.
425 1604 530 1651 neg.
567 1595 664 1634 ant.
702 1588 934 1641 Quamvis
973 1587 1101 1637 enim
1154 1588 1448 1637 matrimonii
1483 1588 1686 1637 indisso-

251 1653 467 1703 lubilitas
517 1653 580 1700 ad
628 1654 774 1716 prolis
823 1655 1190 1717 generationem
1227 1666 1277 1703 et
1325 1657 1686 1713 educationem,

254 1738 366 1786 quae
390 1729 504 1769 sunt
527 1720 741 1783 primarii
766 1720 903 1778 fines,
939 1723 1143 1769 multum
1187 1723 1450 1781 conducat,
1487 1740 1582 1771 non
1616 1723 1688 1770 sic

254 1800 422 1838 tamen
447 1788 509 1835 ad
534 1788 641 1834 illos
685 1788 807 1835 fines
847 1789 1178 1851 assequendos
1219 1789 1496 1838 necessaria
1537 1800 1612 1839 est.
1636 1799 1690 1837 ut

256 1856 291 1903 ii
315 1856 438 1903 fines
462 1854 565 1902 sine
590 1854 683 1901 illis
709 1854 916 1903 obtineri
941 1872 1038 1902 non
1063 1856 1251 1918 possint
1274 1877 1285 1912 ;
1321 1857 1529 1919 alioquin
1573 1858 1688 1904 olim

255 1923 463 1971 laesisset
486 1922 627 1969 Deus
652 1922 743 1969 Jus
768 1924 1007 1980 naturale,
1046 1923 1160 1970 dum
1200 1923 1505 1971 matrimonia
1528 1924 1693 1972 Judae-

257 2007 397 2041 orum
424 1988 619 2037 dissolvi
644 1989 877 2052 permisit,
917 2006 1144 2051 nuncque
1184 1992 1275 2039 Jus
1313 1990 1440 2039 idem
1469 1991 1689 2046 laederet,

256 2075 377 2107 cum
408 2072 534 2104 nonu>
548 2071 658 2103 raro
697 2072 875 2120 pueros
910 2057 1149 2104 lactantes
1186 2058 1327 2106 orbet
1363 2068 1571 2122 utroque
1606 2072 1693 2122 pa-

254 2134 415 2175 rente.
1598 2132 1601 2135 ’

332 2193 482 2243 Dices
518 2195 600 2238 30·
638 2190 689 2239 Si
741 2192 1099 2240 matrimonium
1150 2208 1248 2240 non
1301 2193 1365 2241 sit
1413 2209 1474 2241 ex
1521 2203 1693 2242 natura

197 2292 203 2294 -
256 2258 614 2314 indissolubile,
651 2257 800 2320 igitur
834 2275 932 2306 non
990 2259 1150 2306 differt
1185 2276 1215 2307 a
1250 2260 1517 2311 concubitu
1552 2277 1694 2325 vago.

263 2325 425 2388 Atqui
447 2324 568 2372 illud
593 2324 689 2371 dici
715 2325 901 2387 nequit.

336 2393 404 2441 R.
440 2409 487 2439 n.
522 2396 631 2453 mqj.
669 2391 823 2438 Aliud
859 2392 986 2439 enim
1029 2401 1105 2440 est
1156 2392 1434 2457 conjugium
1477 2394 1696 2459 quotidie

267 2458 483 2516 dissolvi,
509 2459 639 2506 aliud
666 2458 860 2507 dissolvi
902 2476 999 2506 non
1041 2475 1185 2523 posse
1222 2460 1312 2507 nisi
1355 2477 1443 2523 per
1473 2474 1697 2511 mortem.

266 2526 489 2576 Primum
523 2525 691 2573 horret
738 2535 928 2584 natura,
983 2528 1097 2590 quia
1154 2527 1412 2591 praecipuis
1457 2529 1701 2577 matrimo-

230 2593 339 2659 ..¹¹³1
374 2592 550 2640 finibus
586 2594 886 2641 adversatur.
980 2595 1229 2641 Posterius
1276 2594 1490 2658 permitti
1537 2606 1701 2660 potest

272 2675 304 2708 a
326 2669 515 2717 natura,
553 2659 792 2723 siquidem
817 2660 1103 2723 permissum
1140 2670 1215 2710 est
1256 2677 1285 2709 a
1309 2662 1536 2711 Deosub
1558 2664 1701 2728 Lege

269 2741 503 2775 mosaica.

345 2793 493 2843 Dices
516 2795 597 2839 4⁰·
636 2793 993 2843 contrahentes
1046 2809 1153 2843 sese
1206 2794 1256 2842 in
1305 2801 1539 2861 conjuges
1572 2812 1704 2847 assu-

274 2859 457 2909 mendo
492 2859 783 2923 promittunt
834 2859 1132 2910 individuam
1191 2878 1249 2911 ac
1301 2875 1589 2928 perpetuam
1633 2866 1703 2911 vi-

260 2937 339 2980 xta:
374 2925 678 2976 societatem.
771 2926 929 2991 Atqui
970 2945 1035 2978 ex
1075 2930 1198 2979 Jure
1233 2932 1443 2991 naturali
1476 2930 1701 2985 standum

258 3004 354 3046 -est
377 2994 639 3060 promissis.
709 2993 861 3059 Ergo,
886 2999 975 3045 ὅτε.
1494 3020 1501 3026 ’
