1846 3250
477 165 573 214 DE
611 158 1108 213 MATRIMONIO.
1410 159 1508 208 337
1544 190 1556 200 .

83 304 167 361 vit,
205 300 491 364 addiditque
521 297 842 347 matrimonia
882 296 1117 387 eJusmodi
1160 310 1268 343 esse
1306 291 1511 343 invalide

85 379 337 421 contracta.
719 398 722 400 -
1058 395 1061 397 -

156 440 238 484 40·
275 433 504 496 Denique
529 432 658 480 idem
684 442 877 480 constat
901 448 965 478 ex
981 430 1369 495 jurisprudentia
1402 445 1519 477 con·

90 505 236 552 stanti
254 517 585 565 supremarum
612 499 868 548 Curiarum
893 514 922 545 a
947 499 1121 575 quibus
1144 498 1278 545 irrita
1291 513 1360 544 ac
1385 496 1519 543 nulla

91 570 332 619 declarari
375 568 534 616 solent
580 566 900 623 matrimonia,
968 565 1007 612 si
1055 566 1162 612 haec
1220 563 1520 613 seductionis

90 637 263 731 fraude
287 636 420 684 facta
445 651 551 682 esse
577 634 865 682 constiterit.

117 706 362 760 Quaeres
389 705 470 750 30·
508 718 611 765 quae
655 699 961 749 conditiones
1003 698 1065 747 ad
1107 708 1299 762 raptum
1347 698 1522 747 seduc-

96 772 239 823 tionis
264 770 607 835 requirantur?
917 790 921 794 ›
1297 788 1298 791 =

168 841 231 887 R.
271 837 448 900 requiri
481 837 552 882 1⁰·
589 846 641 883 ut
684 845 849 898 raptor
887 833 1064 886 verbis,
1103 832 1348 909 precibus,
1396 835 1530 882 blan·

104 905 249 963 ditiis,
287 904 547 969 promissis,
584 903 749 951 aliisve
789 902 972 949 artibus
1012 900 1223 964 puellam
1262 900 1532 949 circumve-

105 973 247 1022 nerit.
318 975 397 1018 ΞΩ·
434 972 503 1019 Ut
541 987 569 1018 e
607 971 717 1017 loco
755 979 861 1016 tuto
902 968 949 1013 in
993 977 1284 1043 potestatem
1329 984 1379 1013 m
1368 968 1536 1043 ptoris

105 1040 339 1088 translata
369 1037 533 1084 fuerit.
671 1037 793 1083 ·Ut
836 1050 927 1091 res,
965 1034 1124 1081 invitis
1150 1046 1234 1081 aut
1259 1033 1421 1081 insciis
1449 1050 1535 1097 pa·

108 1106 339 1162 rentibus,
376 1113 578 1167 peracta
599 1041 776 1157 ΐυοεῑίῐ;
811 1114 905 1149 nec
949 1101 1092 1157 enim,
1131 1101 1171 1148 si
1202 1104 1536 1150 consenserint

110 1183 354 1237 parentes,
391 1181 557 1235 raptus
592 1186 699 1218 esse
730 1180 976 1217 censetur.
1046 1173 1120 1215 40·
1147 1169 1216 1217 Ut
1242 1168 1424 1231 puellae
1456 1182 1541 1216 aut

112 1241 194 1287 filii
238 1240 331 1286 sint
375 1239 585 1285 minores
627 1253 718 1285 nec
758 1239 821 1283 25
865 1252 1042 1284 annum
1084 1235 1422 1299 expleverint,
1460 1235 1542 1299 qui

116 1307 241 1354 enim
285 1312 490 1368 majores
523 1314 650 1361 sunt,
689 1320 781 1351 nec
824 1314 1078 1368 parentum
1099 1303 1308 1350 domino
1351 1319 1443 1352 nec
1469 1319 1544 1351 se-

115 1373 333 1421 ductioni
356 1381 717 1436 praesumuntur
743 1370 957 1416 obnoxii.

191 1442 381 1496 Quaeres
417 1444 483 1486 Ψ
519 1454 579 1485 an
622 1438 683 1485 ad
720 1436 1123 1499 impedimentum
1160 1450 1326 1499 raptus
1367 1436 1543 1484 seduc-

119 1508 262 1554 tionis
305 1518 388 1553 aut
427 1505 686 1562 violentiae,
740 1504 1014 1568 requiratur
1064 1516 1116 1551 ut
1154 1519 1360 1567 persona
1410 1512 1549 1567 rapta

119 1574 266 1622 fuerit
292 1583 552 1637 corrupta.
543 1574 559 1606 Ρ
1274 1593 1277 1594 ⁷

190 1641 257 1688 R.
293 1639 578 1704 qffirmative.
617 1637 779 1700 Leges
815 1637 942 1683 enirn
971 1637 1051 1684 de·
1071 1635 1150 1685 illa
1187 1636 1553 1685 circumstantia

122 1708 282 1755 silent.
1187 1726 1194 1733 ·

170 1776 386 1828 Quaeres
410 1775 476 1820 5⁰·
514 1782 674 1819 utrum
700 1779 796 1818 stet
833 1770 1241 1833 impedimentum
1263 1780 1429 1834 raptus
1453 1770 1554 1819 sive

126 1840 426 1888 seductionis
467 1838 566 1886 sive
604 1837 863 1893 violentiae,
899 1837 938 1883 si
977 1837 1150 1884 mulier
1197 1838 1556 1889 filiumfamilias

129 1910 193 1955 ‘25
218 1908 354 1954 annis
380 1906 612 1952 minorem
649 1903 945 1997 ubduxerit?

203 1973 641 2036 P.qffirmative,l
669 1970 833 2034 ·quia
869 1970 917 2015 in
957 1979 1165 2033 utroque
1203 1987 1318 2018 casu
1362 1970 1562 2020 libertas

133 2057 271 2103 aeque
299 2039 504 2086 laeditur.
575 2042 640 2084 2⁰·
683 2037 804 2093 Quia
846 2041 1120 2084 nostrorum
1163 2039 1353 2101 Regum
1383 2037 1562 2089 Edicta

135 2123 242 2169 quae
266 2105 312 2151 in
340 2105 754 2153 confirmationem
795 2114 844 2151 et
870 2104 1320 2165 interpretationem
1350 2105 1559 2154 Concilii

137 2172 257 2229 Trid
304 2173 401 2220 lata
447 2183 578 2228 sunt,
615 2176 875 2236 utrumque
923 2171 1105 2218 crimen
1153 2172 1349 2219 nomine
1396 2184 1562 2235 raptus

136 2239 386 2303 appellant
433 2250 483 2286 et
531 2254 595 2285 ex
638 2237 1055 2301 oequo'puniunt.
1155 2238 1369 2301 Voulons‚
1407 2239 1563 2301 inquit

141 2306 370 2354 Edictum
399 2306 650 2358 Blesense‚
687 2322 777 2368 que
799 2322 910 2357 ceux
948 2305 1029 2368 qui
1060 2303 1111 2351 ‘se
1137 2313 1408 2354 trouveront
1433 2308 1566 2358 avoir

136 2373 331 2422 suborne
352 2371 442 2434 fils
466 2389 523 2419 (m
546 2371 679 2434 filles
713 2373 918 2419 mineurs
955 2373 1012 2419 de
1045 2372 1305 2437 vingt-cinq
1331 2390 1431 2420 ans.
1504 2373 1569 2422 Et

142 2450 334 2502 postea
350 2438 539 2486 Ludov.
587 2439 732 2486 XIlI.
827 2437 1024 2485 Voulons
1064 2455 1152 2503 que
1191 2446 1296 2486 tous
1332 2455 1445 2487 ceux
1487 2439 1567 2503 qni

142 2512 428 2553 commettent
424 2512 558 2570 rapt
579 2513 621 2553 et
641 2504 917 2553 eulevement
939 2506 1019 2552 des
1042 2521 1218 2559 veuves,
1239 2504 1335 2570 fils
1358 2523 1416 2554 ou
1434 2505 1569 2569 filles

144 2589 248 2619 sous
272 2570 318 2618 la
335 2572 581 2638 puis-sance
604 2572 648 2620 d'
652 2572 833 2619 autrui.

310 2704 411 2766 -§.
448 2707 495 2752 3.
530 2705 589 2753 de
622 2704 972 2770 Impedimentis
998 2703 1367 2766 prohibentibus.

220 2836 512 2885 Duodecim
541 2838 653 2885 olim
690 2836 1008 2886 imedimenta
1040 2837 1360 2913 prohibentia
1407 2853 1577 2885 nume-

150 2903 362 2993 rabatur.
433 2903 512 2954 Ex
560 2920 684 2956 nova
727 2915 892 2953 autem
927 2903 1195 2968 diseiplina
1237 2914 1447 2968 quatuor
1470 2915 1577 2952 tan·

1473 2979 1576 3021 tum
