1846 3250
237 187 335 234 -196
765 180 1189 230 TRACTATUS

235 329 399 384 potest
423 315 536 364 unio
563 314 742 365 Christi
768 332 879 364 cum
906 316 1145 374 Ecclesia,
1183 333 1288 380 quae
1312 316 1359 363 in
1379 331 1437 364 eo
1464 316 1642 365 consis-

234 390 297 435 tit
321 386 453 450 quod
471 384 686 431 Verbum
706 387 791 448 per
813 386 1201 434 Incarnationem
1226 401 1340 433 cum
1359 400 1535 448 sponsa
1557 400 1644 433 sua

238 453 464 503 Ecclesia
489 467 584 499 una
609 468 721 500 caro
753 454 975 502 evaserit.
1044 454 1197 517 Ergo,
1232 458 1319 501 ὅτε.

303 523 368 569 R.
391 523 498 570 dist.
557 520 723 568 Debet
764 521 1035 586 significare
1060 522 1285 570 unionem
1328 520 1505 569 Christi
1532 536 1646 569 cum

238 590 466 639 Ecclesia
490 589 720 636 moralem
748 599 798 637 et
832 590 1149 654 spiritualem,
1187 606 1294 653 quae
1327 589 1381 636 fit
1407 605 1493 653 per
1531 604 1646 636 con-

234 660 389 707 tinum
428 656 611 716 Gratiae
646 656 900 714 inHuxum,
947 674 1035 722 per
1082 657 1410 716 dilectionem,
1446 672 1504 704 ac
1538 672 1647 720 per-

229 742 409 775 ennem
470 724 674 788 Spiritus
736 726 786 773 S.
832 725 1166 783 assistentiam,
1231 742 1354 774 conc.
1418 725 1644 772 unionem

235 794 413 845 Christi
452 809 562 841 cum
588 793 812 841 Ecclesia
851 794 1030 842 realem
1073 803 1122 841 et
1161 792 1412 857 physicam
1455 808 1562 854 quae
1591 791 1647 838 fit

233 880 322 928 per
363 861 768 918 Incarnationem,
808 878 903 925 qua
937 861 1155 910 Verbum
1196 861 1389 909 realiter
1436 875 1650 922 assump-

233 932 297 979 sit
332 941 551 979 naturam
589 929 878 987 humanam,
901 947 1003 995 neg.
1075 928 1291 977 Priorem
1319 927 1495 977 Christi
1535 943 1646 975 cum

235 998 464 1048 Ecclesia
489 996 714 1044 unionem
747 996 985 1062 significat
1011 998 1124 1046 unio
1164 995 1426 1060 conjugalis
1467 995 1647 1042 anima-

233 1084 341 1114 rum
381 1082 469 1130 per
504 1064 799 1112 individuam
836 1066 947 1113 vitae
980 1066 1281 1120 societatem,
1319 1080 1426 1127 quae
1451 1063 1648 1125 quidem

232 1136 499 1183 animarum
564 1132 844 1197 conjunctio
897 1132 1197 1181 Matrimonii
1243 1131 1509 1180 essentialis
1575 1138 1648 1177 est

231 1203 355 1256 finis,
391 1202 647 1266 ipsumque
693 1202 937 1266 praecipue
984 1200 1249 1249 constituit.
1322 1198 1647 1246 Posteriorem

236 1269 416 1318 Christi
460 1284 570 1316 cum
614 1268 840 1317 Ecclesia
876 1269 1101 1317 unionem
1127 1267 1367 1331 significat
1392 1266 1648 1313 Matrimo-

232 1338 299 1385 nii
343 1336 712 1386 consummatio.
786 1337 883 1385 Sed
931 1337 1036 1383 haec
1079 1334 1368 1399 significatio
1393 1333 1650 1381 Matrimo-

232 1407 316 1453 nio
343 1417 416 1454 est
443 1403 775 1457 accidentalis,
813 1421 911 1453 non
936 1404 1218 1452 essentialis.

298 1475 411 1540 Oly:
439 1477 520 1522 50·
579 1472 709 1519 Illud
757 1483 831 1521 est
872 1473 1128 1521 essentiale
1177 1467 1507 1525 Matrimonio,
1544 1467 1648 1516 sine

236 1559 332 1606 quo
356 1557 452 1588 non
477 1549 638 1603 potest
663 1540 831 1588 haberi
856 1540 1155 1588 Matrimonii
1178 1539 1299 1586 finis.
1372 1536 1525 1600 Atqui
1546 1531 1649 1584 sine

234 1626 325 1657 usu
350 1607 653 1656 Matrimonii
671 1624 766 1655 non
793 1618 954 1671 potest
973 1608 1139 1655 haberi
1163 1606 1288 1654 illius
1310 1606 1433 1663 finis,
1469 1604 1551 1668 qui
1575 1614 1649 1651 est

233 1677 382 1741 prolis
425 1675 687 1738 susceptio,
725 1676 992 1723 secundum
1032 1675 1080 1722 id
1117 1675 1300 1723 Genes.
1330 1678 1372 1721 1.
1449 1673 1651 1721 Crescite

233 1754 276 1793 et
297 1743 679 1808 multiplicamini.
1034 1738 1038 1743 “

304 1814 366 1860 R.
404 1829 507 1876 neg.
537 1814 641 1875 mqj¹
684 1826 793 1868 narn
831 1809 1162 1859 Matrimnonii
1188 1807 1397 1857 essentia
1432 1807 1651 1856 consistit

233 1881 287 1927 in
330 1879 525 1927 domino
571 1878 701 1941 quod
744 1889 949 1943 uterque
992 1886 1171 1941 conjux
1207 1876 1353 1925 tradit
1390 1875 1435 1921 in
1472 1891 1649 1939 corpus

235 1948 454 1996 alterius.
527 1946 680 2009 Atqui
721 1946 792 1994 sic
828 1947 953 1995 inter
988 1963 1040 1993 se
1064 1946 1290 1994 differunt
1314 1942 1576 1991 dominium
1601 1953 1651 1990 et

203 2032 354 2064 „usus
393 2013 608 2071 dominii,
671 2024 722 2063 ut
769 2015 921 2078 possit
961 2031 1075 2064 esse
1123 2030 1269 2062 unum
1329 2012 1432 2059 sine
1481 2011 1650 2058 altero.

236 2085 466 2146 Namque
508 2081 701 2129 axioma
735 2084 868 2131 Juris
910 2083 1132 2130 canonici
1174 2091 1248 2130 est
1282 2095 1424 2144 posse
1459 2094 1596 2126 usum
1623 2094 1651 2125 a

226 2151 453 2198 >dominio
500 2150 728 2211 separari.
822 2151 904 2198 Sic
946 2151 1007 2198 ad
1055 2149 1311 2199 essentiam
1371 2153 1651 2195 contractus

240 2217 497 2282 emptionis
521 2217 781 2281 requiritur
822 2228 874 2265 ut
918 2229 1106 2281 emptor
1138 2224 1218 2280 jus
1249 2216 1427 2263 habeat
1462 2215 1523 2261 ad
1548 2230 1650 2261 rem

238 2298 469 2350 emptam,
507 2301 602 2331 non
629 2284 889 2349 requiritur
913 2296 968 2333 ut
993 2302 1044 2332 re
1070 2295 1234 2349 empta
1259 2293 1436 2331 utatur.
1509 2281 1649 2328 Idem

240 2354 501 2403 dicendum
528 2363 600 2400 est
625 2353 687 2399 de
716 2352 1044 2401 Matrimonio.

311 2423 378 2470 Et
417 2436 533 2469 vero
572 2420 664 2468 esti
701 2428 799 2468 non
839 2422 1100 2469 haberetur
1139 2418 1245 2466 finis
1287 2417 1367 2480 qui
1407 2416 1470 2465 sit
1503 2415 1651 2481 prolis

242 2490 504 2553 susceptio,
541 2490 711 2536 saltem
747 2489 1008 2538 haberetur
1042 2489 1164 2536 alter
1189 2483 1487 2534 Matrimonii
1527 2483 1651 2540 finis,

244 2558 326 2622 qui
373 2559 435 2606 sit
478 2556 739 2604 animarum
790 2556 1084 2621 conjunctio,
1135 2554 1334 2602 dilectio
1382 2551 1650 2616 reciproca,

243 2634 465 2672 mutuum
478 2628 725 2686 juvamen,
738 2641 881 2688 quem
900 2624 987 2674 sibi
1006 2638 1275 2688 proponere
1291 2622 1470 2670 debent
1486 2635 1653 2668 omnes

244 2698 492 2755 conjuges.
1211 2723 1214 2725 Α

318 2761 405 2826 Oly·
428 2763 507 2807 6⁰.
548 2758 596 2806 Si
640 2776 753 2807 usus
791 2759 1106 2809 Matrimonio
1144 2775 1241 2806 non
1277 2756 1338 2805 sit
1369 2753 1653 2809 essentialis,

248 2827 537 2877 contrahere
577 2836 804 2890 poterunt
837 2829 988 2876 frater
1030 2837 1077 2875 et
1119 2842 1270 2883 soror,
1307 2819 1534 2879 eunuchi,
1570 2823 1655 2868 im-

246 2907 494 2962 potentes.
568 2894 722 2960 Atqui
747 2905 907 2945 tamen
930 2895 1050 2944 illud
1075 2894 1334 2945 absurdum
1361 2903 1450 2940 est.
1503 2891 1651 2952 Erg0,

247 2970 336 3014 810.
549 2975 560 2983 ·
662 2982 669 2989 ·
1414 2989 1425 2997 «
1549 2995 1578 3024 3

1344 3024 1653 3090 Respondent.
