1846 3250
262 170 362 221 272
771 150 1209 221 TRACTATUS

263 304 559 352 nifestentur
593 301 654 349 ab
691 300 746 349 iis
782 301 863 364 qui
900 318 957 350 ea
990 305 1231 365 noverint,
1283 316 1356 355 est
1404 307 1452 354 in
1488 310 1693 359 materia
1752 315 1756 317 '

265 371 418 434 gravi.
488 370 558 415 2⁰·
596 368 721 422 Quia
758 371 848 416 sub
884 371 1111 434 gravibus
1168 374 1341 437 poenis,
1393 392 1570 440 nempe
1606 394 1694 424 ex-

268 435 740 492 communicationis,
800 438 862 484 ab
923 438 1179 516 Episcopis
1236 443 1383 504 vulgo
1447 444 1695 493 Fidelibus

264 504 538 567 injungitur
564 503 797 566 obligatio
845 506 1135 553 matrimonii
1170 507 1517 572 impedimenta
1560 527 1699 559 reve-

264 571 417 619 landi.
493 571 567 618 3⁰·
605 571 734 624 Quia
791 571 983 620 Fideles
1032 574 1321 622 familiarum
1370 579 1697 640 perturbatio·

266 655 399 697 nem,
463 638 888 686 Sacramentoru'm
951 640 1355 702 profanationem,
1408 646 1695 693 nubentium

267 705 595 770 iniquitatem,
621 715 927 769 peccat-aque
952 723 1015 753 ex
1037 707 1208 756 illicito
1227 710 1533 765 matrimonio
1556 729 1697 762 secu·

269 785 397 829 tura,
436 776 669 836 quantum
694 783 912 836 possunt,
948 773 1188 836 impedire
1212 786 1456 825 tenentur.

345 842 538 897 Quceres
566 843 640 909 10·
678 856 739 888 an
756 856 908 888 nemo
935 840 1173 890 Fidelium
1198 844 1260 892 ab
1283 843 1376 893 ista
1401 844 1699 910 obligatione

268 908 333 957 sit
354 905 623 957 immunis?

287 985 289 989 “
341 975 809 1033 R.1⁰·neminem,
845 975 936 1024 nisi
980 978 1172 1042 urgenti
1233 995 1397 1041 causa,
1449 990 1504 1029 ut
1551 981 1701 1030 modo

270 1043 501 1101 diximus,
538 1045 599 1091 ab
624 1043 707 1091 illa
730 1044 1030 1106 obligatione
1060 1046 1224 1094 eximi.

339 1112 405 1157 2⁰·
442 1111 554 1159 Nec
571 1111 777 1158 alterius
821 1112 1075 1160 Parochiae
1114 1124 1199 1162 aut
1244 1113 1490 1163 Dioecesis
1515 1115 1701 1163 Incolae

271 1192 304 1227 a
335 1178 478 1242 Lege
512 1178 865 1242 impedimenta
921 1180 1170 1227 revelandi
1221 1181 1459 1229 immunes
1494 1192 1622 1239 sunt,
1660 1183 1700 1229 si

271 1250 357 1293 ea‘
379 1246 621 1301 noverint.
716 1246 992 1309 Episcopus
1029 1248 1157 1293 enim
1192 1248 1410 1311 praecipit
1445 1248 1701 1296 revelatio-

268 1327 383 1359 nem
409 1328 507 1360 non
531 1322 631 1360 tam
656 1328 746 1360 suo
784 1314 979 1360 nomine
1021 1330 1166 1377 quam
1207 1315 1447 1362 Ecclesiae
1490 1326 1540 1363 et
1565 1316 1702 1362 Prin-

270 1378 411 1442 cipis,
449 1379 626 1443 quibus
650 1395 767 1427 sane
792 1396 888 1427 non
918 1379 967 1425 in
1010 1396 1154 1427 unam
1197 1381 1467 1432 Dioecesim
1493 1393 1697 1441 tanturn,

267 1446 360 1494 sed
385 1457 435 1495 et
459 1448 508 1493 in
533 1447 715 1495 vicinas
740 1447 866 1495 inest
892 1446 1185 1508 jurisdictio.

342 1514 417 1561 3⁰·
455 1514 566 1562 Nec
590 1516 650 1562 ab
676 1530 735 1561 ea
759 1514 900 1578 Lege
941 1514 1224 1563 eximuntur
1257 1531 1542 1580 sponsorum
1586 1532 1703 1579 cog·

270 1580 374 1628 nati
412 1592 496 1628 aut
533 1581 692 1636 amici,
728 1580 916 1628 etiamsi
953 1583 1045 1628 sub
1081 1583 1260 1631 secreti
1298 1583 1577 1631 conditione
1613 1582 1702 1629 im·

268 1647 542 1711 pedimenti
578 1647 799 1695 notitiam
842 1648 1119 1696 habuerint.
1189 1649 1337 1697 Ratio
1373 1661 1448 1698 est
1489 1649 1603 1713 quia
1644 1650 1703 1697 ti-

270 1715 380 1762 tulo
416 1714 722 1778 cognationis
781 1725 832 1762 et
890 1714 1118 1762 amicitiae
1173 1716 1388 1763 strictius
1447 1717 1590 1764 amici
1626 1717 1703 1764 vel

274 1781 645 1844 consanguinei,
683 1781 884 1858 crimen,
921 1782 1151 1829 scandala
1184 1792 1234 1830 et
1258 1783 1420 1830 omnia
1444 1784 1570 1830 mala
1593 1798 1703 1846 quae

275 1864 342 1896 ex
368 1848 545 1915 talibus
570 1848 809 1910 conjugiis
832 1849 990 1896 solent
1016 1849 1212 1906 exoriri,
1249 1849 1487 1912 impedire
1531 1861 1702 1897 tenen-

274 1925 373 1963 tur.
455 1917 665 1979 Insuper
690 1915 923 1978 obligatio
963 1915 1115 1979 Legis
1157 1931 1220 1962 ex
1260 1933 1354 1978 qua
1377 1916 1561 1979 pendet
1587 1916 1705 1963 Rei-

270 1982 489 2047 publicae
536 1982 873 2044 tranquillitas,
910 1982 1058 2045 prolis
1081 1982 1339 2031 nasciturae
1381 1985 1577 2040 bonum,
1619 1984 1703 2030 Sa—

278 2050 515 2097 cramenti
537 2050 834 2102 reverentia,
870 2049 963 2096 soli
1010 2049 1151 2097 titulo
1193 2049 1418 2102 amicitiae
1449 2060 1499 2097 et
1523 2049 1709 2112 obliga-

274 2117 398 2164 tioni
434 2117 612 2164 secreti
649 2133 712 2163 ex
751 2116 997 2178 colloquio
1030 2116 1269 2172 familiari,
1315 2133 1410 2164 non
1448 2117 1508 2163 ad
1547 2116 1705 2164 consi-

273 2183 395 2232 lium
430 2184 697 2247 petendum
735 2184 945 2246 accepti,
1003 2183 1107 2229 sine
1166 2184 1315 2231 dubio
1362 2183 1706 2246 anteponenda

277 2260 368 2298 est.
439 2251 517 2297 lta
556 2250 605 2297 S.
642 2250 858 2296 Thomos
893 2253 940 2295 2.
982 2252 1028 2296 2.
1065 2261 1233 2311 quaest.
1269 2254 1349 2298 68.
1386 2260 1476 2297 art.
1530 2254 1570 2295 1.
1621 2249 1701 2296 ubi

275 2314 346 2365 ait
368 2318 496 2381 quod
514 2316 722 2365 revelare
744 2325 918 2363 secreta
943 2317 990 2362 in
1017 2315 1185 2363 malum
1207 2332 1438 2380 personae,
1458 2324 1525 2362 est
1542 2324 1705 2363 contra

260 2384 565 2448 fidelitatem,
604 2401 695 2431 non
731 2390 904 2438 autem,
937 2383 978 2429 si
1018 2382 1279 2430 revelentur
1308 2390 1501 2446 propter
1534 2381 1703 2430 bonum

278 2468 527 2508 commune,
563 2451 689 2515 quod
722 2466 896 2514 semper
936 2451 1301 2512 anteponendum
1347 2457 1415 2496 est
1449 2449 1569 2496 bona
1595 2450 1704 2511 pri-

279 2526 403 2573 vato,
441 2527 486 2566 et
526 2518 629 2566 ideo
653 2525 815 2565 contra
841 2516 1003 2564 bonum
1027 2530 1259 2564 commune
1282 2515 1459 2564 nullum
1483 2524 1705 2563 secretum

276 2583 383 2631 licet
407 2585 627 2648 recipere.

351 2652 429 2696 40·
467 2650 681 2712 Quidam
719 2660 881 2698 tamen
917 2658 1117 2713 propter
1154 2659 1385 2712 urgentes
1411 2659 1460 2696 et
1484 2648 1706 2712 gravissi-

281 2733 385 2766 mas
410 2732 599 2774 causas,
638 2717 707 2764 uti
733 2718 878 2765 modo
917 2716 1101 2764 dictum
1145 2727 1233 2773 est,
1270 2718 1330 2764 ab
1357 2732 1416 2764 ea
1439 2716 1580 2778 Lege
1604 2716 1707 2763 exi·

279 2794 496 2841 muntur,
558 2794 610 2831 ut
646 2784 685 2831 si
733 2802 777 2831 v.
814 2801 862 2847 g.
900 2800 964 2831 ex
1024 2783 1319 2831 revelatione
1371 2782 1705 2847 impedimenti

275 2850 528 2910 'nascitura
561 2850 656 2899 sint
691 2852 846 2898 mala
870 2849 1203 2914 gravissima,
1220 2867 1445 2914 magnum
1487 2848 1703 2912 Religio-

279 2920 354 2968 nis
391 2918 754 2977 detrimentum,
811 2916 1099 2966 familiarum
1149 2917 1502 2981 perturbatio,
1521 2916 1594 2964 sui
1629 2915 1700 2976 ip-

275 3010 278 3013 ·
1061 3009 1066 3014 -
1597 2980 1694 3028 sius
