1846 3250
672 148 768 196 DE
807 147 1096 197 ORDINE.
1494 149 1588 196 135

190 314 193 315 ν
259 286 359 348 0&-
384 285 446 333 4⁰·
496 284 769 347 'Gregorius
817 284 1032 348 Magnus
1078 283 1160 330 lib.
1202 283 1247 333 7.
1285 281 1439 347 Epist.
1487 299 1592 346 cap.

195 356 328 401 llo..
380 352 675 416 Quicumque,
711 352 885 415 inquit,
934 352 1237 401 sacerdotium
1269 352 1415 416 pretii
1444 354 1596 400 studet

188 421 435 469 donatione
459 423 667 477 mercari,
707 421 929 468 Sacerdos
953 436 1042 468 non
1068 427 1151 477 est,
1188 420 1270 467 sed
1306 420 1399 468 dici
1416 428 1596 467 tantum

187 490 391 536 inaniter
413 487 701 553 concupiscit.

257 555 322 602 R.
346 557 453 605 dist.
491 556 729 604 Sacerdos
769 572 865 603 non
907 566 998 614 est,
1035 554 1192 618 quoad
1228 555 1434 604 officium
1468 556 1602 621 quod

188 624 449 687 nequidem
474 624 697 681 intendit,
741 641 883 672 unam
908 623 1194 688 dignitatem
1222 636 1475 673 externam
1499 641 1598 672 am-

189 692 344 746 biens,
380 710 501 741 conc.
539 694 697 755 quoad
733 692 1084 749 characterem,
1128 709 1231 755 neg.
1281 692 1362 740 Sic
1386 692 1448 740 de
1473 694 1599 740 malo

194 760 467 809 Christiano
492 760 749 825 aliquando
786 761 962 809 dicitur
985 760 1117 825 quod
1159 775 1254 806 non
1285 761 1346 808 sit
1373 760 1607 809 Christian

194 844 300 883 nus,
335 828 450 877 licet
475 840 637 878 tamen
662 829 946 877 charactere
968 827 1276 893 baptismali
1265 829 1535 891 insignitus.

266 890 367 961 obj
403 902 467 947 5⁰·
505 897 677 945 Petrus
702 898 966 945 Damian-us
996 901 1072 944 11.
1099 896 1335 945 Ecclesiae
1359 912 1471 945 saec.
1498 913 1526 945 a
1554 897 1602 945 S

193 964 435 1012 Pontifice
460 965 522 1013 de
547 964 793 1014 validitate
822 965 1194 1013 Ordinationum
1232 964 1604 1013 simoniacarum

194 1032 408 1080 scribere
434 1038 614 1096 Jussus,
655 1043 832 1081 tractat
867 1045 1206 1097 argumentum
1242 1033 1336 1081 hoc
1370 1032 1417 1079 in
1446 1034 1607 1097 Opus-

197 1101 309 1148 culo
346 1100 423 1148 cui
448 1118 640 1158 nomen,
679 1102 987 1151 Gratissimus
1020 1101 1186 1164 ibique
1210 1101 1357 1149 tradit
1382 1102 1606 1165 quaestio-

198 1184 310 1216 nem
335 1169 466 1217 hanc>
477 1187 566 1236 per
600 1170 851 1218 triennium
891 1172 939 1220 in
965 1170 1111 1218 tribus
1139 1169 1359 1218 Consiliis
1383 1171 1607 1218 Romanis

179 1237 342 1298 fuisse
364 1238 630 1294 discussam,
668 1254 869 1299 eamque
910 1254 1016 1302 esse
1063 1238 1204 1285 valde
1238 1238 1522 1301 perplexam
1548 1254 1606 1285 ac

205 1304 469 1361 confusam,
505 1305 693 1369 ipsique
719 1305 873 1353 Leoni
898 1306 988 1353 IX.
1026 1305 1267 1353 difficilem
1311 1322 1417 1353 esse
1440 1305 1606 1353 visam.

205 1373 339 1435 Ergo
363 1372 532 1420 saltem
575 1372 722 1421 dubia
759 1385 831 1421 est
857 1373 1228 1421 Ordinationum
1269 1388 1298 1420 a
1325 1372 1607 1422 Simoniacis

201 1441 439 1488 factarum
480 1440 717 1502 validitas.

273 1508 338 1555 R.
373 1508 587 1566 dubium,
625 1509 686 1557 de
729 1525 825 1572 quo
860 1507 1075 1573 loquitur
1097 1507 1382 1567 Damianus‚
1425 1519 1475 1559 et
1511 1525 1607 1573 quo

204 1576 305 1639 ipse
330 1592 543 1624 summus
569 1576 795 1624 Pontifex
817 1578 1107 1639 agitabatur,
1142 1577 1417 1625 nullatenus
1449 1594 1609 1626 versa-

202 1654 305 1692 tum
331 1661 436 1693 esse
474 1644 603 1693 circa
640 1644 1008 1693 Ordinationum
1051 1645 1420 1694 simoniacarum
1444 1646 1610 1694 validi-

205 1722 370 1769 tatem,
407 1713 494 1761 sed
541 1714 671 1761 circa
708 1712 946 1776 graduum
994 1721 1044 1761 et
1089 1714 1327 1761 honorum
1374 1715 1608 1763 restituti·

200 1797 364 1837 onem,
402 1783 473 1829 vel
501 1781 863 1846 suspensionem
899 1791 1184 1845 perpetuam
1209 1793 1260 1829 et
1284 1782 1610 1830 omnimodam

202 1848 517 1911 privationem
539 1870 550 1905 ;
583 1849 633 1896 id
658 1865 754 1896 non
779 1848 1007 1897 diffitetur
1029 1848 1133 1912 ipse
1159 1849 1383 1897 Morinus
1407 1851 1611 1899 exercit.

207 1920 254 1963 5.
279 1934 325 1962 n.
355 1920 429 1964 11.
460 1919 584 1965 Haec
608 1928 682 1964 est
701 1932 816 1964 vera
838 1915 1144 1979 quaestio‚·de
1169 1933 1264 1979 qua
1284 1926 1403 1965 tunc
1439 1918 1487 1964 in
1515 1918 1611 1966 Ec-

203 1985 355 2031 clesia
379 1999 435 2031 ac
460 1984 721 2048 praesertim
746 1984 796 2029 in
832 1984 984 2032 tribus
1021 1984 1251 2033 Conciliis
1275 1985 1507 2034 Romanis
1550 2002 1609 2034 eo

208 2062 427 2113 tempore
451 2052 624 2099 habitis
642 2051 773 2099 acris
787 2051 879 2099 fuit
902 2051 1207 2116 disceptatio.

248 2119 385 2166 -Nec
410 2130 570 2168 tamen
596 2118 851 2167 diffitemur
875 2119 1108 2184 quosdam
1131 2120 1267 2169 hisce
1292 2096 1613 2186 temporibus,

208 2186 386 2251 quibus
408 2187 622 2236 nondum
664 2187 875 2251 eliquata
914 2198 1018 2237 erat
1057 2188 1152 2236 ista
1173 2190 1517 2248 contro-versia,
1553 2193 1615 2240 de

209 2255 457 2304 validitate
482 2256 680 2304 istarum
704 2256 1075 2304 ordinationum
1101 2256 1381 2313 dubitasse3
1410 2259 1505 2306 sed
1528 2259 1618 2308 du-

210 2323 341 2372 bium
355 2323 485 2372 istud
509 2324 905 2388 paucissimorum
923 2323 1029 2387 fuit,
1054 2341 1150 2373 non
1170 2335 1333 2375 autem
1359 2326 1613 2386 Ecclesiae,

210 2406 303 2438 nec
330 2390 468 2440 Sedis
495 2392 811 2456 Apostolicae.

281 2460 400 2507 Inst.
457 2460 634 2508 Narrat
669 2460 843 2508 Penus
885 2458 1151 2508 Damianus
1176 2459 1291 2509 ibid.
1326 2462 1481 2510 Leon.
1525 2463 1617 2512 IX.

209 2524 446 2592 plerosque
474 2529 753 2577 Simoniacos
776 2536 820 2575 et
859 2526 978 2576 male
995 2536 1243 2593 promotos,
1281 2536 1503 2595 tanquam
1538 2550 1618 2580 no

207 2593 330 2641 viter
352 2594 601 2643 ordinasse.
671 2595 839 2659 Ergo
828 2611 932 2658 ipsa
958 2595 1110 2644 Sedes
1136 2598 1424 2674 Apostolica
1453 2598 1621 2647 existi-

214 2661 376 2708 mabat
401 2661 727 2712 characterem
753 2679 849 2711 non
888 2679 1028 2726 posse
1070 2680 1181 2713 cum
1204 2664 1406 2713 simonia
1440 2667 1621 2715 consis-

221 2738 341 2775 tere.
1378 2763 1381 2766 -

288 2794 353 2841 R.
387 2796 493 2844 dist.
561 2798 765 2848 Noviter
797 2798 1050 2855 ordinavit,
1088 2799 1406 2849 Ordinatione
1446 2800 1627 2865 impro-

209 2861 323 2925 prie
347 2862 495 2922 dicta,
531 2882 653 2915 conc.
676 2868 870 2943 proprie
896 2866 1043 2925 dicta,
1069 2885 1172 2934 neg.
1225 2868 1339 2916 Non
1362 2868 1429 2916 ait
1454 2868 1624 2916 Dami

209 2945 339 2979 anus
364 2932 563 2982 Leonem
587 2936 763 2984 noviter
787 2934 1062 2995 ordinasse,
1074 2936 1161 2984 sed
1185 2945 1370 2984 tantum
1406 2943 1626 3000 tanquam

844 3003 890 3049 N
1452 3005 1630 3061 noviter
