1846 3250
573 104 679 179 DE
708 115 1210 180 MATRIMomo.
1507 130 1609 197 4⁷7

183 268 330 317 vitam
367 263 638 329 religiosam
672 264 922 327 profiteri;
958 265 1034 312 vel
1084 262 1283 312 maritus
1337 273 1500 328 potest
1534 279 1613 314 sae.

191 351 299 383 cros
337 334 548 381 Ordines
598 333 865 395 suscipere,
923 332 1097 380 mulier
1131 347 1248 381 vero
1305 331 1632 396 Religionem‘

186 400 444 466 amplecti:
480 399 578 449 imo
614 400 810 463 quando
847 399 1044 447 maritus
1087 398 1234 447 vitam
1275 400 1611 458 monasticam,

185 469 248 517 de
272 482 513 516 consensu
540 466 722 523 uxoris,
759 466 1030 530 profitetur,
1066 466 1263 530 poterit<
1281 482 1402 515 uxor
1439 466 1488 515 in
1524 484 1615 516 sae-

186 535 299 584 culo
336 544 604 590 remanere,
653 533 690 581 si
728 533 797 586 ita
830 550 985 582 senex
1018 533 1079 582 sit
1116 544 1166 581 et
1200 533 1376 582 sterilis
1413 544 1466 583 ut
1508 534 1618 585 sine

184 601 463 666 suspicione
493 600 645 666 possit
679 600 748 648 ibi
782 601 1086 660 commorari,
1123 610 1475 665 perpetuaeque
1510 618 1618 651 cas-

187 670 337 719 titatis
363 679 528 716 votum
553 668 760 731 simplex
786 668 1017 717 emiserit.
1085 668 1162 716 Ita
1200 672 1280 729 jus
1322 669 1615 719 canonicum

188 738 262 786 tit.
288 737 350 786 de
378 737 529 785 Conv.
554 740 800 799 conjugat.
849 767 852 770 -
893 735 972 783 At
1011 734 1195 783 'debent
1231 736 1278 782 in
1314 735 1371 783 iis
1407 737 1615 785 circum·-

187 804 381 853 stantiis
433 802 611 851 servari
671 802 976 851 conditiones
1033 802 1082 849 in
1144 803 1424 852 Canonibus
1493 808 1623 868 praey

187 872 398 936 scriptae,
433 870 640 932 filiisque
667 886 728 918 ex
753 868 1058 919 matrimonio
1097 870 1223 918 natis
1260 868 1621 940 providendum

189 949 279 989 est.
449 977 452 980 Δ
1541 965 1545 967 ·

221 1004 426 1055 ⁴3‘’·fSi
479 1014 590 1068 post
644 1003 1002 1053 professionem
1049 1002 1325 1068 religiosam
1373 1021 1617 1059 consensu

190 1083 359 1121 mutuo
408 1072 648 1130 emissam,
703 1077 967 1135 conjugum
1021 1071 1148 1120 alter
1195 1087 1224 1120 a
1258 1082 1374 1121 voto
1431 1090 1523 1138 per
1565 1075 1616 1125 S,

189 1140 475 1190 Pontificem
512 1138 835 1202 dispensetur,
872 1156 970 1186 non
994 1137 1198 1196 idcirco,
1220 1139 1617 1205 vivente.priore

189 1224 361 1264 uxore,
398 1216 565 1270 posset
622 1206 683 1254 ad
742 1207 871 1254 alias⁴
917 1206 1109 1271 nuptias
1168 1208 1465 1266 convolare3
1500 1209 1618 1274 quia

189 1275 561 1333 matrimonium,
600 1273 760 1337 quoad
783 1273 961 1333 foedus‚
998 1290 1096 1324 non
1119 1274 1213 1323 fuit
1240 1275 1476 1325 solutum.

452 1409 534 1458 De
557 1408 861 1458 immoderata
882 1409 1130 1474 conjugum
1153 1410 1345 1482 saevitie.

257 1542 633 1598 Immoderatam
673 1542 812 1590 unius
857 1548 1118 1606 conjugum
1167 1536 1399 1593 saevitiem
1430 1549 1616 1608 'jus-tam

192 1626 297 1659 esse
322 1610 513 1657 divortii
539 1626 735 1658 causam
762 1622 953 1659 constat
978 1627 1038 1658 ex
1067 1612 1239 1658 Innoc.
1273 1612 1370 1660 ΙΙΙ.
1394 1628 1438 1660 c.
1463 1613 1617 1662 Line«-

188 1694 267 1726 ras
301 1677 365 1725 de
393 1677 570 1724 Restit.
604 1678 796 1740 spoliat.
887 1678 940 1726 Si
978 1685 1129 1725 temta‘
1151 1678 1210 1727 sit
1249 1679 1340 1728 viri
1362 1681 1538 1729 soevitia
1564 1688 1617 1729 ut

187 1744 376 1793 mulieri
397 1745 654 1808 trepidanti
678 1754 768 1792 non
813 1745 958 1809 possit
994 1745 1220 1808 szfficiens
1255 1748 1480 1795 securitas
1504 1765 1618 1812 pro-

191 1812 368 1869 m'deri,
394 1829 485 1859 non
509 1810 771 1860 solum-non
796 1811 922 1861 debet
948 1810 1019 1858 illi
1043 1812 1242 1871 restitui,
1276 1815 1361 1862 sed
1380 1814 1438 1863 ab
1461 1831 1513 1863 eo
1531 1832 1621 1880 po-

189 1879 281 1927 tius
304 1878 522 1927 amoveri.
546 1902 549 1907 ·

194 1984 202 1991 ,
259 1946 502 1994 Censetur
537 1961 655 1993 vero
690 1961 796 1993 esse
848 1944 1168 1994 immoderata
1214 1946 1435 2011 conjugis
1482 1948 1620 1996 saevi-

191 2013 298 2067 ties,
334 2012 373 2059 si
408 2012 520 2059 vitae
562 2012 781 2076 con-iugis
839 2012 1033 2060 insidias
1103 2016 1362 2077 paraverit,
1411 2014 1451 2063 si
1498 2032 1619 2075 ense
1657 2014 1663 2020 '

190 2080 266 2127 vel
301 2077 432 2127 fuste
468 2080 778 2142 percusserit,
816 2079 854 2126 si
892 2080 1044 2128 minas
1079 2097 1255 2144 graves.
1288 2081 1616 2142 intentaverit,

191 2146 228 2193 si
265 2147 510 2209 asperiora
544 2147 784 2208 loquatur,
846 2164 943 2194 uno
978 2150 1144 2205 verbo,
1203 2148 1241 2196 si
1295 2165 1359 2197 ex
1393 2150 1495 2198 istis
1532 2162 1620 2199 aut

191 2213 424 2261 similibus
458 2214 754 2262 cohabitatio
790 2214 857 2262 ita
892 2214 1127 2263 efficiatur
1161 2215 1320 2280 gravis
1356 2227 1405 2265 et
1442 2219 1619 2266 moles·-

192 2290 256 2333 εει,
294 2291 347 2329 ut
381 2285 561 2342 conjux
599 2298 709 2329 eum
747 2287 957 2346 conjuge
994 2283 1115 2330 citra
1152 2299 1300 2347 grave
1342 2284 1618 2349 periculum

190 2348 359 2396 animae
384 2359 465 2396 aut
490 2349 708 2411 corporis
733 2349 878 2397 vitam
905 2366 1052 2412 agere
1078 2360 1306 2414 nequeat.

260 2415 408 2468 Quod
441 2414 652 2463 sivcerta
685 2417 767 2464 vel
798 2417 1064 2479 probabi-lis
1109 2417 1460 2466 emendationis
1506 2436 1618 2485 spes

193 2481 440 2544 affulgeat,
476 2492 526 2529 et
562 2482 775 2533 mulieris
823 2485 1072 2532 securitati
1124 2485 1240 2533 satis
1285 2486 1618 2548 provideatur,

180 2550 397 2613 ‘profecto
430 2549 615 2597 videtur
662 2553 830 2614 conjux
879 2553 1166 2607 restituenda
1218 2554 1405 2610 marito,
1459 2554 1619 2619 inquit

193 2616 364 2664 Innoc.
388 2616 483 2663 ΙΙΙ.
508 2616 619 2663 loco
644 2633 755 2663 mox
781 2615 945 2665 citato.
1045 2619 1199 2669 Secus
1224 2634 1339 2668 vero
1375 2620 1415 2669 si
1458 2622 1618 2674 mariti

193 2683 357 2730 odium
382 2682 428 2729 in
456 2700 657 2731 uxorem
685 2684 906 2733 videatur
929 2685 1254 2748 implacabile.

262 2750 407 2798 Circa
443 2750 809 2799 immoderatam
847 2753 1080 2801 saevitiem
1120 2754 1355 2804 nonnulla
1394 2764 1507 2804 sunt
1532 2757 1619 2804 ob·
1686 2754 1691 2758 ⁴

194 2816 446 2865 servanda.
546 2820 621 2864 10·
659 2819 779 2866 Eam
815 2820 964 2867 solam
1003 2836 1109 2869 esse
1143 2821 1193 2868 in
1242 2822 1418 2870 Galiiae
1463 2836 1619 2886 regno

194 2898 387 2933 causam
422 2894 622 2950 propter
657 2901 801 2951 quam
854 2886 1026 2945 mulier
1077 2888 1434 2953 separationem
1481 2889 1620 2938 habi-

291 2958 297 2961 *
1423 2955 1618 3007 tationis
