1846 3250
279 167 380 218 302
790 167 1229 224 TRACTATUS

343 308 550 356 Constat
580 308 656 355 10·
693 322 908 356 errorem
950 308 1242 358 conditionis
1280 310 1466 361 serviiis
1491 329 1597 363 esse
1621 314 1707 373 im-

273 375 609 438 pedimentum
639 374 883 431 dirimens,
920 386 971 425 ut
1014 377 1260 426 habetur'
1247 395 1296 425 in
1320 381 1444 429 Jure
1470 382 1704 431 canonico

273 443 357 489 lib.
383 445 430 489 4.
458 442 530 490 tit.
556 446 603 491 9.
631 444 710 491 De
737 443 982 510 Conjugzis
1007 446 1270 504 Servorum,
1307 458 1356 495 et
1390 465 1499 513 cap.
1543 454 1591 497 4.
1633 452 1710 500 Ad

271 517 494 558 nostrum.
565 508 723 574 Igitur
773 521 822 558 ut
871 512 1230 561 matrimonium
1283 514 1354 563 sic
1391 526 1700 565 contractum

271 576 357 625 fiat
381 577 613 632 validum,
652 587 850 641 oportet
892 590 946 627 ut
987 590 1170 644 partes,
1208 583 1407 645 cognita
1441 584 1603 633 servili
1639 585 1707 634 al-

270 645 422 694 terius
458 644 756 705 conditione,
815 645 993 695 iterum
1050 647 1099 694 in
1147 646 1275 697 facie
1312 650 1550 700 Ecclesiae
1585 668 1701 701 con-

268 712 479 762 trahant.

276 798 279 803 ¹
337 783 419 828 20·
459 779 510 830 Si
545 789 708 829 tamen
746 797 954 845 persona
987 781 1158 839 libera,
1196 783 1389 845 quando
1431 787 1695 843 contraxit,

267 848 465 907 sciverit
489 848 821 898 conditionem
859 850 1083 898 servilem
1108 851 1307 900 alterius
1340 869 1558 915 personae
1584 870 1696 902 cum

267 925 365 981 qua
390 916 727 974 contrahebat,
754 917 967 966 validum
993 929 1066 967 est
1109 918 1469 968 matrimonium
1495 937 1559 970 ex
1585 937 1694 987 cap.

269 986 326 1034 Si
347 986 467 1051 quis,
494 987 574 1033 29.
599 1001 644 1047 q.
663 986 710 1031 2.
1197 1008 1200 1011 ·
1376 1022 1377 1025 ¹

275 1065 280 1070 ·
336 1056 416 1100 30·
455 1052 535 1099 Ex
560 1053 683 1101 Jure
709 1054 947 1102 canonico
987 1070 1113 1102 novo
1153 1054 1308 1103 ambae
1349 1071 1569 1119 personae
1593 1071 1693 1106 ser-

263 1118 406 1168 vituti
443 1119 669 1168 obnoxiae
703 1120 862 1169 valide
921 1121 1211 1170 contrahere
1264 1133 1484 1186 possunt,
1543 1125 1689 1173 etiarn

260 1186 423 1235 invitis
459 1187 702 1245 Dominis,
739 1204 847 1251 cap.
884 1189 1116 1253 Dignum,
1171 1188 1234 1237 de
1289 1190 1539 1253 Conjugiis
1579 1191 1688 1241 Ser-

262 1270 447 1303 verum.
521 1255 620 1303 Res
641 1263 802 1303 tamen
828 1256 968 1304 aliter
993 1272 1045 1304 se
1070 1257 1241 1304 habuit
1265 1257 1547 1320 antiquitus·

334 1322 525 1379 Quoeres
570 1338 632 1369 an
679 1323 871 1371 valeant
919 1324 1224 1371 matrimonia
1265 1341 1433 1372 eorum
1481 1325 1564 1388 qui
1599 1342 1686 1389 per

260 1389 564 1438 Sententiam
596 1390 789 1438 Judicis
812 1390 1009 1439 fuerunt
1053 1391 1098 1438 in
1136 1401 1427 1470 perpetuum
1454 1408 1482 1441 e
1510 1394 1686 1457 Regno

258 1458 469 1522 expulsi,
511 1457 589 1506 vel
640 1459 702 1507 ad
762 1459 982 1507 triremes
1034 1469 1117 1507 aut
1172 1461 1318 1507 etiam
1367 1459 1431 1508 ad
1479 1471 1683 1509 mortem

257 1542 403 1590 quam
427 1525 547 1588 fuga
571 1525 959 1583 declinaverunt,
982 1526 1234 1576 damnati?

261 1614 262 1617 ’
324 1594 387 1641 R
432 1596 507 1639 10·
544 1592 650 1640 haec
687 1593 1004 1649 matrimonia,
1044 1593 1083 1641 si
1120 1594 1198 1642 alii
1235 1610 1331 1641 non
1367 1594 1462 1642 sint
1498 1594 1682 1653 obices,

193 1672 202 1680 ·
252 1660 415 1723 quoad
443 1659 810 1708 Sacramentum
836 1661 1015 1716 valere,
1060 1660 1172 1724 quia
1196 1663 1330 1709 nulla
1357 1663 1493 1726 Lege
1520 1664 1681 1711 eccle·

250 1728 446 1777 siastica
482 1727 745 1775 irritantur.
838 1729 945 1775 Imo
984 1729 1191 1776 Senatus
1242 1729 1524 1777 parisiensis
1577 1730 1680 1793 ipse

250 1795 444 1859 nuptias
480 1797 541 1843 ab
585 1795 860 1842 hominibus
918 1796 981 1842 ad
1034 1795 1236 1843 exilium
1282 1807 1377 1861 faut
1415 1797 1559 1844 etiam
1597 1797 1679 1845 tri·

249 1879 407 1912 remes
440 1862 489 1909 in
530 1871 820 1925 perpetuum
858 1862 1096 1910 damnatis
1135 1873 1429 1920 contractaS,
1459 1864 1673 1912 Ar‘restis

249 1943 328 1978 an.
361 1933 504 1978 1616.
534 1933 678 1978 1625.
710 1930 853 1979 1700.
888 1930 1013 1986 latis,
1052 1930 1213 1993 quoad
1238 1930 1483 1979 vinculum
1509 1941 1557 1980 et
1588 1932 1674 1980 Sa-

251 2008 554 2046 cramentum
580 2006 708 2045 ratas
734 1997 921 2056 habuit,
960 2008 1014 2045 ut
1039 1998 1204 2045 videre
1246 2008 1322 2046 est
1359 1999 1487 2063 apud
1519 1999 1679 2047 Colla-

246 2076 403 2113 torem
431 2064 750 2113 Parisiensem
777 2075 877 2112 tom
909 2069 948 2112 1.
974 2082 1020 2130 p.
1048 2068 1163 2118 377.
1255 2065 1333 2113 Ita
1369 2066 1469 2114 fere
1505 2082 1672 2116 omnes

247 2133 491 2196 Theologi
534 2143 705 2180 contra
740 2146 927 2195 paucos
960 2133 1041 2195 qui
1083 2133 1386 2181 contendunt
1431 2132 1675 2183 matrimo-

244 2199 377 2249 nium
406 2200 605 2248 defectu
631 2210 913 2248 contractus
939 2200 1091 2248 civilis
1116 2217 1222 2248 esse
1254 2201 1456 2248 irritum.
1550 2203 1671 2255 Quae

245 2267 444 2333 quidem
470 2267 592 2315 ratio
617 2266 794 2314 nullius
820 2277 894 2315 est
928 2267 1174 2330 ponderis.
1262 2268 1494 2321 Quamvis
1541 2267 1669 2316 enim

242 2336 404 2383 nullus
429 2335 488 2383 sit
513 2343 795 2382 contractus
821 2334 974 2383 civilis
1006 2339 1143 2396 quus
1185 2334 1260 2381 isti
1288 2351 1473 2390 omnes,
1511 2334 1669 2382 Faten-

241 2404 370 2452 tibus
404 2402 647 2458 omnibus,
683 2411 796 2448 sunt
831 2402 1107 2465 incapaceS,
1150 2402 1322 2449 saitem
1365 2401 1505 2449 adest
1552 2417 1670 2449 con-

241 2481 427 2520 tractus
453 2468 817 2519 ecclesiasticus
854 2469 934 2534 qui
960 2468 1203 2517 sufficiens
1244 2479 1319 2518 est
1363 2470 1667 2556 Sacramenti

239 2538 458 2595 materia,
495 2538 621 2586 sicut
647 2547 791 2585 antea
815 2536 1093 2601 expositum
1119 2546 1209 2584 est.
1538 2566 1543 2570 ›
1574 2564 1577 2565 ν

308 2607 371 2655 R.
411 2607 490 2652 20-
527 2605 633 2652 haec
668 2604 971 2652 matrimonia
1006 2620 1103 2651 non
1138 2604 1301 2652 valere
1350 2603 1512 2668 quoad
1548 2619 1665 2652 con·

237 2682 448 2722 tractum
487 2671 696 2730 civilem,
734 2673 848 2736 quia
888 2671 967 2720 isti
1015 2687 1183 2719 omnes
1233 2671 1411 2720 mortui
1446 2681 1558 2719 sunt
1595 2670 1662 2719 ci-

235 2740 412 2788 viliter.
838 2760 842 2764 ’
1054 2765 1058 2769 -

310 2806 547 2883 Quoniam
573 2822 689 2854 vero
713 2806 770 2855 iis
794 2805 874 2869 qui
905 2807 1047 2854 bonae
1086 2816 1198 2853 sunt
1223 2805 1334 2854 fidei
1361 2806 1526 2870 Leges
1548 2806 1661 2853 sub-

234 2876 453 2932 veniunt,
490 2874 528 2922 si
553 2890 677 2921 uxor
703 2874 1000 2937 argumentis
1024 2874 1194 2921 validis
1219 2883 1269 2921 et
1307 2874 1440 2921 omni
1476 2888 1660 2935 excep·

236 2944 368 2993 tione
425 2941 684 3006 majoribus
742 2942 949 3008 probare
1009 2941 1161 3009 possit
1217 2940 1577 3054 incognitamf
1567 2938 1658 2986 sibi

1188 3040 1192 3042 Α
1351 3024 1354 3027 ’
1534 3005 1659 3055 uisse
