1846 3250
551 148 649 199 DE
689 145 1190 196 MATRIMONlo.
1490 147 1585 193 401

224 284 413 341 Quaeres
438 285 551 332 240·
575 298 636 330 an
662 281 970 330 exercituum
993 276 1386 345 Eleemosynarii
1400 276 1589 344 possint

156 351 374 400 Militum
398 349 706 407 matrimonia
730 350 980 398 celebrare
1000 349 1024 395 Ρ
1559 372 1561 375 ·

222 419 290 466 R.
314 428 495 471 cunc-ta
538 417 842 464 matrimonia
877 418 939 464 ab
976 415 1034 464 iis
1066 414 1173 463 sine
1221 412 1421 464 licentia
1449 409 1590 480 Epis-

152 486 267 549 copi
307 496 392 534 aut
435 485 641 533 Pax-ochi
683 484 950 543 celebrata,
1003 483 1053 530 in
1089 483 1313 530 omnibus
1348 481 1470 530 locis
1506 480 1589 530 ubi

150 552 351 628 Religio
377 553 628 601 catholica
656 562 938 608 exercetur,
972 567 1082 598 esse
1118 566 1329 613 prorsus
1343 547 1591 604 invalida3

152 619 268 683 quia
292 619 501 668 Parochi
531 620 751 668 locorum
786 619 836 666 in
872 618 1047 682 quibus
1085 627 1339 669 versantur
1381 615 1591 670 Milites,

150 687 240 734 soli
283 698 396 736 sunt
437 704 614 736 eorum
644 686 861 734 Militum
903 686 953 732 in
990 685 1160 732 ordine
1196 685 1260 732 ad
1296 682 1590 731 matrimonii

156 755 537 804 celebrationem
565 754 791 803 Parochi.
826 753 1020 801 Ludov.
1046 752 1186 800 XIV.
1209 768 1288 799 an.
1318 754 1466 800 1681.
1499 751 1590 798 sub

156 822 450 884 gravissimis
482 823 638 885 poenis
663 821 913 885 prohibuit
949 836 1011 868 ne
1037 818 1424 884 Eleemosynarii
1450 833 1596 866 exer-

155 890 340 938 cituum
367 890 555 938 Milites
577 890 683 939 sine
704 889 1040 938 Par-ochorum
1063 887 1263 936 licentia
1286 885 1594 934 matrimonio

155 962 525 1020 conjungerent

223 1025 364 1077 Dixi,
413 1025 463 1072 in
519 1024 633 1073 locis
688 1023 768 1071 ubi
825 1021 1016 1088 Religio
1072 1019 1302 1073 catholica
1355 1028 1594 1070 exercetur
1612 1018 1617 1034 ¹

158 1090 256 1139 Ubi
296 1091 428 1139 enim
463 1106 562 1138 non
600 1099 881 1148 exercetur,
918 1105 1012 1137 nec
1047 1098 1213 1153 potest
1246 1086 1452 1136 inveniri
1495 1087 1594 1135 loci

157 1157 435 1222 Episcopus
476 1169 560 1206 aut
589 1158 855 1215 Pal-ochus,
893 1158 1115 1205 contrahi
1156 1166 1320 1221 potest
1345 1155 1594 1208 matrimo-

155 1226 288 1274 nium
314 1241 478 1273 coram
503 1225 597 1273 alio
614 1241 924 1289 quocumque
952 1224 1239 1282 Sacerdote,
1267 1241 1311 1270 v.
1341 1240 1390 1287 g.
1411 1239 1594 1273 coram

157 1293 467 1342 exercituum
493 1293 857 1356 Legatorumve
888 1291 1136 1356 regiorum
1163 1290 1592 1355 Eleemosynariis,

157 1362 235 1408 vel
261 1361 407 1408 etiam
432 1360 537 1408 aliis
565 1360 912 1409 Sacerdotibus
941 1360 1023 1423 qui
1049 1375 1312 1414 occurrere
1337 1371 1558 1421 possunt.

230 1428 422 1484 Quaeres
448 1431 563 1476 ‘250‘
600 1428 708 1492 quis
748 1428 811 1476 sit
846 1427 1152 1484 Ordi‘nariuS,
1190 1427 1253 1475 de
1277 1431 1417 1489 cujus
1441 1425 1594 1473 licen-

151 1495 221 1544 tia
246 1506 426 1558 potest,
452 1512 517 1544 ex
544 1495 771 1544 Decreto
797 1494 1005 1544 Concili.
1022 1495 1160 1543 Trid.
1194 1510 1342 1558 supra
1373 1493 1593 1547 laudato,

160 1562 520 1611 matrimonium
562 1563 704 1612 aliter
722 1578 903 1627 quam,
942 1562 1169 1628 praesenti
1194 1561 1436 1621 Parocho,
1474 1575 1592 1610 con-

158 1630 287 1679 trahi
309 1632 333 1678 P

224 1698 291 1746 R.
331 1712 442 1746 eum
490 1713 584 1747 nec
632 1713 739 1747 esse
780 1697 1227 1776 Archiepiscopum
1277 1695 1482 1746 relative
1529 1696 1594 1744 ad

155 1781 353 1813 suorum
395 1765 823 1842 Suffraganeorum
854 1766 1086 1815 Subditos
1120 1767 1170 1812 in
1214 1781 1337 1829 quos
1389 1770 1471 1826 jus
1496 1781 1596 1811 nou

158 1834 326 1890 habet,
372 1832 462 1880 nisi
486 1832 536 1879 in
559 1850 710 1882 causa
733 1833 1074 1897 appellationis
1094 1853 1106 1888 ;
1140 1849 1244 1880 nec
1264 1834 1486 1880 Abbates
1510 1845 1596 1879 aut

155 1900 277 1948 alios
307 1900 647 1962 jurisdIctione
688 1901 828 1965 quasi
862 1901 1122 1964 episcopali
1157 1899 1464 1963 gaudentem
1499 1914 1595 1947 nec

160 1967 424 2024 Officiales,
462 1968 551 2014 nisi
598 1968 695 2016 sint
737 1968 918 2015 vicarii
956 1969 1244 2031 generalem
1279 1984 1373 2014 nee
1415 1967 1594 2014 Archi-

155 2034 393 2083 diaconos
439 2035 586 2083 etiam
635 2035 684 2082 in
731 2035 1017 2083 visitationis
1059 2036 1287 2087 decursu,
1334 2035 1420 2080 nisi
1466 2037 1595 2082 sorte

163 2102 413 2150 Parochiae
437 2102 628 2150 vacanti
654 2118 742 2166 per
765 2119 818 2150 se
835 2113 921 2151 aut
945 2119 1034 2167 per
1050 2103 1170 2150 alios
1196 2102 1488 2159 deserviant,
1510 2103 1595 2150 ubi

158 2185 222 2216 eo
247 2174 362 2231 jure
394 2169 639 2218 fruuntur.
712 2171 782 2218 At
807 2187 938 2228 vero,
977 2187 1038 2218 ex
1072 2170 1316 2219 sententia
1346 2170 1596 2217 communi

161 2247 212 2284 et
248 2236 537 2285 unanimiter
570 2238 617 2283 in
655 2237 828 2286 Galliis
868 2248 1087 2301 recepta,
1125 2238 1320 2286 nomine
1347 2236 1598 2285 Ordinarii

158 2304 515 2366 intelligendus⁴
540 2314 614 2353 est
637 2304 927 2368 Episcopus.
997 2305 1057 2353 Id
1080 2314 1156 2353 sat
1181 2316 1351 2369 aperte
1374 2304 1597 2357 indicant

161 2371 353 2419 Ludov.
374 2371 519 2419 xm.
556 2372 604 2418 in
650 2373 830 2421 Edicto
855 2389 934 2422 an.
969 2375 1115 2422 1629.
1150 2386 1201 2420 et
1226 2373 1421 2421 Ludov.
1455 2372 1596 2420 XIV.

157 2438 206 2484 in
242 2438 420 2485 Edicto
455 2455 533 2487 an.
564 2442 708 2490 1697
771 2446 773 2449 ’

232 2504 427 2553 Nemini
453 2505 659 2553 dubium
691 2516 766 2555 est
802 2506 918 2570 quin
944 2506 1129 2561 Vicarii
1153 2507 1408 2572 generales
1433 2518 1597 2570 potes·

162 2581 312 2620 tatem
355 2571 402 2619 in
436 2574 657 2622 Decreto
683 2574 972 2623 Tridentino
999 2574 1267 2623 Ordinariis
1309 2590 1594 2623 concessam

161 2639 390 2697 habeant,
444 2638 536 2689 nisi
592 2657 700 2689 eam
757 2642 1037 2690 limitaverit
1083 2643 1377 2706 Episcopus.
1452 2643 1596 2690 Idem

166 2722 364 2770 quoque
389 2706 652 2756 dicendum
690 2718 764 2757 est
790 2710 853 2757 de
877 2710 1085 2758 Vicariis
1110 2710 1421 2774 generalibus
1447 2710 1597 2771 Capi-

162 2775 380 2822 talorum
411 2775 775 2825 Cathedralium
807 2777 937 2825 Sede
964 2787 1188 2834 vacante3
1224 2778 1257 2824 ii
1283 2778 1429 2832 enim,
1449 2782 1597 2838 juxta

160 2852 452 2904 praesentem
487 2843 723 2892 Ecclesiae
757 2844 1084 2908 disciplinam,
1117 2855 1320 2909 possunt
1359 2844 1596 2907 Episcopi

158 2913 298 2970 cujus
327 2909 607 2971 Capit-ulum
647 2911 1039 2974 jurisdictionem
1080 2912 1249 2969 habet,
1299 2922 1596 2976 potestatem

161 2990 420 3027 exercere.

1410 3046 1602 3100 Quaeres
