<?xml version="1.0" encoding="UTF-8"?>
<!DOCTYPE html PUBLIC "-//W3C//DTD XHTML 1.0 Transitional//EN"
    "http://www.w3.org/TR/xhtml1/DTD/xhtml1-transitional.dtd">
<html xmlns="http://www.w3.org/1999/xhtml" xml:lang="en" lang="en">
 <head>
  <title>
</title>
<meta http-equiv="Content-Type" content="text/html;charset=utf-8" />
  <meta name='ocr-system' content='tesseract 3.04.00' />
  <meta name='ocr-capabilities' content='ocr_page ocr_carea ocr_par ocr_line ocrx_word'/>
</head>
<body>
  <div class='ocr_page' id='page_1' title='image "./theologica00bailuoft_0467.png"; bbox 0 0 1846 3250; ppageno 0'>
   <div class='ocr_carea' id='block_1_1' title="bbox 611 134 1651 205">
    <p class='ocr_par' dir='ltr' id='par_1_1' title="bbox 611 134 1651 205">
     <span class='ocr_line' id='line_1_1' title="bbox 611 134 1651 205; baseline -0.008 -1"><span class='ocrx_word' id='word_1_1' title='bbox 611 146 732 205; x_wconf 36' lang='lat' dir='ltr'>DE*</span> <span class='ocrx_word' id='word_1_2' title='bbox 751 134 1252 201; x_wconf 72' lang='lat' dir='ltr'>MATRIMomo.</span> <span class='ocrx_word' id='word_1_3' title='bbox 1549 145 1651 199; x_wconf 73' lang='lat'>463</span> 
     </span>
    </p>
   </div>
   <div class='ocr_carea' id='block_1_2' title="bbox 211 282 1657 1100">
    <p class='ocr_par' dir='ltr' id='par_1_2' title="bbox 211 282 1649 404">
     <span class='ocr_line' id='line_1_2' title="bbox 211 282 1649 337; baseline -0.003 -2"><span class='ocrx_word' id='word_1_4' title='bbox 211 285 477 337; x_wconf 67' lang='lat' dir='ltr'>die-endum</span> <span class='ocrx_word' id='word_1_5' title='bbox 551 295 628 334; x_wconf 86' lang='lat' dir='ltr'>est</span> <span class='ocrx_word' id='word_1_6' title='bbox 682 300 794 334; x_wconf 85' lang='lat' dir='ltr'>eam</span> <span class='ocrx_word' id='word_1_7' title='bbox 853 282 1140 337; x_wconf 70' lang='lat' dir='ltr'>&#39;Pi-aditione</span> <span class='ocrx_word' id='word_1_8' title='bbox 1198 282 1320 333; x_wconf 83' lang='lat' dir='ltr'>orali</span> <span class='ocrx_word' id='word_1_9' title='bbox 1392 282 1649 332; x_wconf 83' lang='lat' dir='ltr'><strong>fundatam</strong></span> 
     </span>
     <span class='ocr_line' id='line_1_3' title="bbox 217 369 344 404; baseline 0 -1"><span class='ocrx_word' id='word_1_10' title='bbox 217 369 344 404; x_wconf 54' lang='lat' dir='ltr'>esse.»</span> 
     </span>
    </p>

    <p class='ocr_par' dir='ltr' id='par_1_3' title="bbox 213 418 1657 1088">
     <span class='ocr_line' id='line_1_4' title="bbox 286 418 1648 484; baseline -0.004 -13"><span class='ocrx_word' id='word_1_11' title='bbox 286 418 388 484; x_wconf 83' lang='lat' dir='ltr'><strong><em>obj.</em></strong></span> <span class='ocrx_word' id='word_1_12' title='bbox 425 421 507 469; x_wconf 73' lang='lat'>20‘</span> <span class='ocrx_word' id='word_1_13' title='bbox 543 419 730 469; x_wconf 72' lang='lat' dir='ltr'>Genea.</span> <span class='ocrx_word' id='word_1_14' title='bbox 757 419 835 468; x_wconf 78' lang='lat'><strong><em>1-2.</em></strong></span> <span class='ocrx_word' id='word_1_15' title='bbox 864 420 947 468; x_wconf 74' lang='lat'>24.</span> <span class='ocrx_word' id='word_1_16' title='bbox 995 419 1217 468; x_wconf 86' lang='lat' dir='ltr'>Adamus</span> <span class='ocrx_word' id='word_1_17' title='bbox 1237 434 1334 467; x_wconf 89' lang='lat' dir='ltr'>non</span> <span class='ocrx_word' id='word_1_18' title='bbox 1350 435 1439 467; x_wconf 92' lang='lat' dir='ltr'>suo</span> <span class='ocrx_word' id='word_1_19' title='bbox 1454 427 1648 467; x_wconf 85' lang='lat' dir='ltr'>tantum</span> 
     </span>
     <span class='ocr_line' id='line_1_5' title="bbox 215 486 1656 550; baseline -0.005 -11"><span class='ocrx_word' id='word_1_20' title='bbox 215 487 301 539; x_wconf 71' lang='lat' dir='ltr'>sed</span> <span class='ocrx_word' id='word_1_21' title='bbox 336 488 553 536; x_wconf 81' lang='lat' dir='ltr'>omnium</span> <span class='ocrx_word' id='word_1_22' title='bbox 575 500 776 536; x_wconf 74' lang='lat' dir='ltr'>suorum</span> <span class='ocrx_word' id='word_1_23' title='bbox 811 498 1119 550; x_wconf 80' lang='lat' dir='ltr'><strong>posterorum</strong></span> <span class='ocrx_word' id='word_1_24' title='bbox 1150 487 1345 534; x_wconf 89' lang='lat' dir='ltr'>nomine</span> <span class='ocrx_word' id='word_1_25' title='bbox 1384 486 1454 535; x_wconf 92' lang='lat' dir='ltr'>sic</span> <span class='ocrx_word' id='word_1_26' title='bbox 1496 486 1656 549; x_wconf 90' lang='lat' dir='ltr'>loqui-</span> 
     </span>
     <span class='ocr_line' id='line_1_6' title="bbox 213 555 1654 621; baseline -0.003 -16"><span class='ocrx_word' id='word_1_27' title='bbox 213 567 326 605; x_wconf 83' lang='lat' dir='ltr'>tur:</span> <span class='ocrx_word' id='word_1_28' title='bbox 366 556 615 621; x_wconf 75' lang='lat' dir='ltr'>Relinquet</span> <span class='ocrx_word' id='word_1_29' title='bbox 647 555 782 604; x_wconf 74' lang='lat' dir='ltr'>homo</span> <span class='ocrx_word' id='word_1_30' title='bbox 815 562 999 617; x_wconf 81' lang='lat' dir='ltr'>patrem</span> <span class='ocrx_word' id='word_1_31' title='bbox 1030 562 1075 602; x_wconf 83' lang='lat' dir='ltr'>et</span> <span class='ocrx_word' id='word_1_32' title='bbox 1100 562 1293 602; x_wconf 82' lang='lat' dir='ltr'>matrem</span> <span class='ocrx_word' id='word_1_33' title='bbox 1325 570 1455 602; x_wconf 78' lang='lat' dir='ltr'>suam</span> <span class='ocrx_word' id='word_1_34' title='bbox 1499 562 1543 601; x_wconf 77' lang='lat' dir='ltr'>et</span> <span class='ocrx_word' id='word_1_35' title='bbox 1567 555 1654 602; x_wconf 80' lang='lat' dir='ltr'>ad-</span> 
     </span>
     <span class='ocr_line' id='line_1_7' title="bbox 214 620 1654 685; baseline -0.003 -13"><span class='ocrx_word' id='word_1_36' title='bbox 214 624 407 673; x_wconf 68' lang='lat' dir='ltr'>haerebit</span> <span class='ocrx_word' id='word_1_37' title='bbox 448 623 588 672; x_wconf 74' lang='lat' dir='ltr'>uxori</span> <span class='ocrx_word' id='word_1_38' title='bbox 624 639 739 671; x_wconf 79' lang='lat' dir='ltr'>suce.</span> <span class='ocrx_word' id='word_1_39' title='bbox 811 622 1001 670; x_wconf 84' lang='lat' dir='ltr'>Ibidem</span> <span class='ocrx_word' id='word_1_40' title='bbox 1043 621 1260 685; x_wconf 89' lang='lat' dir='ltr'>loquitur</span> <span class='ocrx_word' id='word_1_41' title='bbox 1304 620 1547 673; x_wconf 82' lang='lat' dir='ltr'>Adamus‚</span> <span class='ocrx_word' id='word_1_42' title='bbox 1589 620 1654 668; x_wconf 84' lang='lat' dir='ltr'>de</span> 
     </span>
     <span class='ocr_line' id='line_1_8' title="bbox 214 688 1653 753; baseline -0.003 -14"><span class='ocrx_word' id='word_1_43' title='bbox 214 690 540 748; x_wconf 69' lang='lat' dir='ltr'>matrimonio,</span> <span class='ocrx_word' id='word_1_44' title='bbox 564 690 709 753; x_wconf 83' lang='lat' dir='ltr'>quale</span> <span class='ocrx_word' id='word_1_45' title='bbox 748 698 866 737; x_wconf 83' lang='lat' dir='ltr'>tunc</span> <span class='ocrx_word' id='word_1_46' title='bbox 901 698 1005 736; x_wconf 82' lang='lat' dir='ltr'>erat</span> <span class='ocrx_word' id='word_1_47' title='bbox 1041 688 1169 736; x_wconf 88' lang='lat' dir='ltr'>inter</span> <span class='ocrx_word' id='word_1_48' title='bbox 1206 688 1367 751; x_wconf 85' lang='lat' dir='ltr'>ipsum</span> <span class='ocrx_word' id='word_1_49' title='bbox 1403 699 1454 736; x_wconf 85' lang='lat' dir='ltr'>et</span> <span class='ocrx_word' id='word_1_50' title='bbox 1493 689 1653 735; x_wconf 81' lang='lat' dir='ltr'>Evam</span> 
     </span>
     <span class='ocr_line' id='line_1_9' title="bbox 216 756 1654 822; baseline -0.003 -15"><span class='ocrx_word' id='word_1_51' title='bbox 216 774 361 822; x_wconf 82' lang='lat' dir='ltr'>quam</span> <span class='ocrx_word' id='word_1_52' title='bbox 396 757 612 806; x_wconf 89' lang='lat' dir='ltr'>nondum</span> <span class='ocrx_word' id='word_1_53' title='bbox 638 766 955 820; x_wconf 83' lang='lat' dir='ltr'>cognoverat,</span> <span class='ocrx_word' id='word_1_54' title='bbox 980 772 1038 804; x_wconf 83' lang='lat' dir='ltr'>ac</span> <span class='ocrx_word' id='word_1_55' title='bbox 1063 756 1268 818; x_wconf 82' lang='lat' dir='ltr'>proinde</span> <span class='ocrx_word' id='word_1_56' title='bbox 1304 771 1400 803; x_wconf 88' lang='lat' dir='ltr'>non</span> <span class='ocrx_word' id='word_1_57' title='bbox 1427 770 1654 803; x_wconf 89' lang='lat' dir='ltr'>consum-</span> 
     </span>
     <span class='ocr_line' id='line_1_10' title="bbox 216 822 1583 890; baseline -0.003 -16"><span class='ocrx_word' id='word_1_58' title='bbox 216 837 365 874; x_wconf 76' lang='lat' dir='ltr'>mato,</span> <span class='ocrx_word' id='word_1_59' title='bbox 422 825 584 890; x_wconf 88' lang='lat' dir='ltr'><strong>Atqui</strong></span> <span class='ocrx_word' id='word_1_60' title='bbox 609 823 730 871; x_wconf 90' lang='lat' dir='ltr'>illud</span> <span class='ocrx_word' id='word_1_61' title='bbox 755 840 950 887; x_wconf 87' lang='lat' dir='ltr'>prorsus</span> <span class='ocrx_word' id='word_1_62' title='bbox 987 823 1323 871; x_wconf 83' lang='lat' dir='ltr'>indissolubile</span> <span class='ocrx_word' id='word_1_63' title='bbox 1349 822 1583 872; x_wconf 84' lang='lat' dir='ltr'><strong>declarat.</strong></span> 
     </span>
     <span class='ocr_line' id='line_1_11' title="bbox 284 886 1654 955; baseline -0.004 -13.284"><span class='ocrx_word' id='word_1_64' title='bbox 284 893 353 942; x_wconf 85' lang='lat' dir='ltr'><strong><em>R.</em></strong></span> <span class='ocrx_word' id='word_1_65' title='bbox 390 893 638 941; x_wconf 83' lang='lat' dir='ltr'>Adamum</span> <span class='ocrx_word' id='word_1_66' title='bbox 677 890 744 939; x_wconf 88' lang='lat' dir='ltr'>ibi</span> <span class='ocrx_word' id='word_1_67' title='bbox 791 891 927 955; x_wconf 87' lang='lat' dir='ltr'>loqui</span> <span class='ocrx_word' id='word_1_68' title='bbox 971 891 1033 938; x_wconf 91' lang='lat' dir='ltr'>de</span> <span class='ocrx_word' id='word_1_69' title='bbox 1070 886 1377 938; x_wconf 83' lang='lat' dir='ltr'>matrimonio</span> <span class='ocrx_word' id='word_1_70' title='bbox 1425 905 1654 938; x_wconf 87' lang='lat' dir='ltr'>consum-</span> 
     </span>
     <span class='ocr_line' id='line_1_12' title="bbox 219 957 1656 1024; baseline -0.004 -15"><span class='ocrx_word' id='word_1_71' title='bbox 219 971 370 1010; x_wconf 83' lang='lat' dir='ltr'>mat0.</span> <span class='ocrx_word' id='word_1_72' title='bbox 438 961 582 1024; x_wconf 85' lang='lat' dir='ltr'>quale</span> <span class='ocrx_word' id='word_1_73' title='bbox 614 974 732 1006; x_wconf 87' lang='lat' dir='ltr'>mox</span> <span class='ocrx_word' id='word_1_74' title='bbox 771 958 991 1006; x_wconf 86' lang='lat' dir='ltr'>futurum</span> <span class='ocrx_word' id='word_1_75' title='bbox 1034 967 1155 1005; x_wconf 85' lang='lat' dir='ltr'>erat.</span> <span class='ocrx_word' id='word_1_76' title='bbox 1228 957 1656 1020; x_wconf 78' lang='lat' dir='ltr'>Plotoparentem‚</span> 
     </span>
     <span class='ocr_line' id='line_1_13' title="bbox 219 1023 1657 1100; baseline -0.002 -25"><span class='ocrx_word' id='word_1_77' title='bbox 219 1029 311 1076; x_wconf 83' lang='lat' dir='ltr'>etsi</span> <span class='ocrx_word' id='word_1_78' title='bbox 357 1027 576 1074; x_wconf 88' lang='lat' dir='ltr'>nondum</span> <span class='ocrx_word' id='word_1_79' title='bbox 624 1041 831 1074; x_wconf 82' lang='lat' dir='ltr'>uxorem</span> <span class='ocrx_word' id='word_1_80' title='bbox 870 1034 992 1079; x_wconf 83' lang='lat' dir='ltr'>tunc</span> <span class='ocrx_word' id='word_1_81' title='bbox 1038 1023 1369 1100; x_wconf 81' lang='lat' dir='ltr'>cognovisset,</span> <span class='ocrx_word' id='word_1_82' title='bbox 1408 1024 1657 1088; x_wconf 82' lang='lat' dir='ltr'>respicere</span> 
     </span>
    </p>
   </div>
   <div class='ocr_carea' id='block_1_3' title="bbox 219 1094 1734 1158">
    <p class='ocr_par' dir='ltr' id='par_1_4' title="bbox 219 1094 1734 1158">
     <span class='ocr_line' id='line_1_14' title="bbox 219 1094 1734 1158; baseline -0.003 -15"><span class='ocrx_word' id='word_1_83' title='bbox 219 1106 411 1158; x_wconf 77' lang='lat' dir='ltr'>tempus</span> <span class='ocrx_word' id='word_1_84' title='bbox 452 1094 690 1151; x_wconf 65' lang='lat' dir='ltr'>futui‘um,</span> <span class='ocrx_word' id='word_1_85' title='bbox 746 1101 798 1140; x_wconf 71' lang='lat' dir='ltr'>et</span> <span class='ocrx_word' id='word_1_86' title='bbox 842 1101 1203 1140; x_wconf 74' lang='lat' dir='ltr'>matrimonlum</span> <span class='ocrx_word' id='word_1_87' title='bbox 1247 1101 1660 1149; x_wconf 73' lang='lat' dir='ltr'>consummatum,</span> <span class='ocrx_word' id='word_1_88' title='bbox 1730 1139 1734 1143; x_wconf 62' lang='grc'>,</span> 
     </span>
    </p>
   </div>
   <div class='ocr_carea' id='block_1_4' title="bbox 220 1158 1678 2957">
    <p class='ocr_par' dir='ltr' id='par_1_5' title="bbox 222 1158 1665 1481">
     <span class='ocr_line' id='line_1_15' title="bbox 222 1158 1662 1217; baseline -0.003 -7"><span class='ocrx_word' id='word_1_89' title='bbox 222 1161 436 1211; x_wconf 84' lang='lat' dir='ltr'>ostendit</span> <span class='ocrx_word' id='word_1_90' title='bbox 461 1170 629 1210; x_wconf 86' lang='lat' dir='ltr'>textus</span> <span class='ocrx_word' id='word_1_91' title='bbox 653 1160 820 1217; x_wconf 88' lang='lat' dir='ltr'>series,</span> <span class='ocrx_word' id='word_1_92' title='bbox 846 1167 984 1208; x_wconf 76' lang='lat' dir='ltr'>erunt</span> <span class='ocrx_word' id='word_1_93' title='bbox 1009 1160 1104 1208; x_wconf 81' lang='lat' dir='ltr'>duo</span> <span class='ocrx_word' id='word_1_94' title='bbox 1128 1159 1181 1207; x_wconf 79' lang='lat' dir='ltr'>in</span> <span class='ocrx_word' id='word_1_95' title='bbox 1205 1176 1347 1208; x_wconf 82' lang='lat' dir='ltr'>carne</span> <span class='ocrx_word' id='word_1_96' title='bbox 1364 1176 1477 1208; x_wconf 80' lang='lat' dir='ltr'>una.</span> <span class='ocrx_word' id='word_1_97' title='bbox 1497 1187 1499 1190; x_wconf 59' lang='lat'>&gt;</span> <span class='ocrx_word' id='word_1_98' title='bbox 1530 1158 1662 1206; x_wconf 86' lang='lat' dir='ltr'>Prae-</span> 
     </span>
     <span class='ocr_line' id='line_1_16' title="bbox 224 1225 1660 1290; baseline -0.005 -12"><span class='ocrx_word' id='word_1_99' title='bbox 224 1240 359 1279; x_wconf 86' lang='lat' dir='ltr'>terea</span> <span class='ocrx_word' id='word_1_100' title='bbox 382 1228 542 1278; x_wconf 86' lang='lat' dir='ltr'>verbis</span> <span class='ocrx_word' id='word_1_101' title='bbox 591 1226 766 1276; x_wconf 88' lang='lat' dir='ltr'>Adami</span> <span class='ocrx_word' id='word_1_102' title='bbox 803 1242 900 1274; x_wconf 91' lang='lat' dir='ltr'>non</span> <span class='ocrx_word' id='word_1_103' title='bbox 942 1242 1086 1290; x_wconf 86' lang='lat' dir='ltr'>posse</span> <span class='ocrx_word' id='word_1_104' title='bbox 1125 1227 1320 1290; x_wconf 82' lang='lat' dir='ltr'>probari</span> <span class='ocrx_word' id='word_1_105' title='bbox 1358 1225 1660 1275; x_wconf 83' lang='lat' dir='ltr'>matrimoni-</span> 
     </span>
     <span class='ocr_line' id='line_1_17' title="bbox 225 1293 1660 1361; baseline -0.004 -15"><span class='ocrx_word' id='word_1_106' title='bbox 225 1314 307 1346; x_wconf 90' lang='lat' dir='ltr'>um</span> <span class='ocrx_word' id='word_1_107' title='bbox 378 1312 485 1346; x_wconf 85' lang='lat' dir='ltr'>esse</span> <span class='ocrx_word' id='word_1_108' title='bbox 526 1312 724 1361; x_wconf 87' lang='lat' dir='ltr'>prorsus</span> <span class='ocrx_word' id='word_1_109' title='bbox 757 1293 1110 1351; x_wconf 79' lang='lat' dir='ltr'>indissolubile,</span> <span class='ocrx_word' id='word_1_110' title='bbox 1149 1303 1286 1358; x_wconf 86' lang='lat' dir='ltr'>patet</span> <span class='ocrx_word' id='word_1_111' title='bbox 1323 1310 1387 1342; x_wconf 86' lang='lat' dir='ltr'>ex</span> <span class='ocrx_word' id='word_1_112' title='bbox 1425 1310 1485 1344; x_wconf 88' lang='lat' dir='ltr'>eo</span> <span class='ocrx_word' id='word_1_113' title='bbox 1523 1293 1660 1357; x_wconf 85' lang='lat' dir='ltr'>quod</span> 
     </span>
     <span class='ocr_line' id='line_1_18' title="bbox 224 1360 1665 1429; baseline -0.003 -16"><span class='ocrx_word' id='word_1_114' title='bbox 224 1366 316 1414; x_wconf 90' lang='lat' dir='ltr'>sub</span> <span class='ocrx_word' id='word_1_115' title='bbox 354 1364 496 1429; x_wconf 86' lang='lat' dir='ltr'>Lege</span> <span class='ocrx_word' id='word_1_116' title='bbox 533 1362 770 1413; x_wconf 84' lang='lat' dir='ltr'>mosaica</span> <span class='ocrx_word' id='word_1_117' title='bbox 792 1377 897 1429; x_wconf 87' lang='lat' dir='ltr'>per</span> <span class='ocrx_word' id='word_1_118' title='bbox 927 1361 1145 1410; x_wconf 90' lang='lat' dir='ltr'>libellum</span> <span class='ocrx_word' id='word_1_119' title='bbox 1189 1360 1381 1427; x_wconf 86' lang='lat' dir='ltr'>repudii</span> <span class='ocrx_word' id='word_1_120' title='bbox 1429 1361 1665 1410; x_wconf 83' lang='lat' dir='ltr'>dissolve·</span> 
     </span>
     <span class='ocr_line' id='line_1_19' title="bbox 228 1433 390 1481; baseline -0.007 -1"><span class='ocrx_word' id='word_1_121' title='bbox 228 1433 390 1481; x_wconf 82' lang='lat' dir='ltr'>batur.</span> 
     </span>
    </p>

    <p class='ocr_par' dir='ltr' id='par_1_6' title="bbox 228 1497 1668 1633">
     <span class='ocr_line' id='line_1_20' title="bbox 300 1497 1668 1564; baseline -0.001 -16"><span class='ocrx_word' id='word_1_122' title='bbox 300 1500 403 1564; x_wconf 81' lang='lat' dir='ltr'><strong><em>Obj.</em></strong></span> <span class='ocrx_word' id='word_1_123' title='bbox 428 1500 503 1547; x_wconf 78' lang='lat'>3⁰·</span> <span class='ocrx_word' id='word_1_124' title='bbox 539 1497 724 1547; x_wconf 86' lang='lat' dir='ltr'>Matth.</span> <span class='ocrx_word' id='word_1_125' title='bbox 771 1501 847 1547; x_wconf 90' lang='lat'><strong><em>19.</em></strong></span> <span class='ocrx_word' id='word_1_126' title='bbox 898 1498 1037 1555; x_wconf 79' lang='lat' dir='ltr'>Quod</span> <span class='ocrx_word' id='word_1_127' title='bbox 1079 1515 1190 1563; x_wconf 84' lang='lat' dir='ltr'>ergo</span> <span class='ocrx_word' id='word_1_128' title='bbox 1233 1498 1367 1547; x_wconf 80' lang='lat' dir='ltr'>Deus</span> <span class='ocrx_word' id='word_1_129' title='bbox 1407 1497 1668 1563; x_wconf 62' lang='lat' dir='ltr'>conjunxit„</span> 
     </span>
     <span class='ocr_line' id='line_1_21' title="bbox 228 1565 1052 1643; baseline -0.005 -26"><span class='ocrx_word' id='word_1_130' title='bbox 228 1566 362 1617; x_wconf 69' lang='lat' dir='ltr'>homo</span> <span class='ocrx_word' id='word_1_131' title='bbox 385 1585 478 1616; x_wconf 80' lang='lat' dir='ltr'>uon</span> <span class='ocrx_word' id='word_1_132' title='bbox 501 1573 700 1643; x_wconf 78' lang='lat' dir='ltr'>separet.</span> <span class='ocrx_word' id='word_1_133' title='bbox 772 1565 924 1629; x_wconf 87' lang='lat' dir='ltr'>Ergo,</span> <span class='ocrx_word' id='word_1_134' title='bbox 963 1569 1052 1614; x_wconf 70' lang='grc' dir='ltr'>ὅτε.</span> 
     </span>
    </p>

    <p class='ocr_par' dir='ltr' id='par_1_7' title="bbox 220 1630 1672 2303">
     <span class='ocr_line' id='line_1_22' title="bbox 296 1630 1665 1684; baseline -0.004 -2"><span class='ocrx_word' id='word_1_135' title='bbox 296 1634 363 1682; x_wconf 80' lang='lat' dir='ltr'><strong><em>R.</em></strong></span> <span class='ocrx_word' id='word_1_136' title='bbox 400 1633 648 1684; x_wconf 86' lang='lat' dir='ltr'>Christum</span> <span class='ocrx_word' id='word_1_137' title='bbox 674 1648 734 1681; x_wconf 89' lang='lat' dir='ltr'>eo</span> <span class='ocrx_word' id='word_1_138' title='bbox 758 1632 856 1680; x_wconf 90' lang='lat' dir='ltr'>loci</span> <span class='ocrx_word' id='word_1_139' title='bbox 897 1647 1173 1682; x_wconf 88' lang='lat' dir='ltr'>sermonem</span> <span class='ocrx_word' id='word_1_140' title='bbox 1208 1630 1374 1681; x_wconf 86' lang='lat' dir='ltr'>facere</span> <span class='ocrx_word' id='word_1_141' title='bbox 1411 1632 1474 1680; x_wconf 91' lang='lat' dir='ltr'>de</span> <span class='ocrx_word' id='word_1_142' title='bbox 1500 1631 1665 1679; x_wconf 85' lang='lat' dir='ltr'>matri-</span> 
     </span>
     <span class='ocr_line' id='line_1_23' title="bbox 231 1699 1667 1764; baseline -0.003 -14"><span class='ocrx_word' id='word_1_143' title='bbox 231 1701 395 1750; x_wconf 88' lang='lat' dir='ltr'>monio</span> <span class='ocrx_word' id='word_1_144' title='bbox 444 1708 799 1757; x_wconf 81' lang='lat' dir='ltr'>consummatO,</span> <span class='ocrx_word' id='word_1_145' title='bbox 847 1710 900 1747; x_wconf 91' lang='lat' dir='ltr'>ut</span> <span class='ocrx_word' id='word_1_146' title='bbox 949 1709 1087 1764; x_wconf 86' lang='lat' dir='ltr'>patet</span> <span class='ocrx_word' id='word_1_147' title='bbox 1129 1699 1231 1746; x_wconf 87' lang='lat' dir='ltr'>sive</span> <span class='ocrx_word' id='word_1_148' title='bbox 1279 1699 1393 1763; x_wconf 85' lang='lat' dir='ltr'>quia</span> <span class='ocrx_word' id='word_1_149' title='bbox 1440 1699 1667 1764; x_wconf 82' lang='lat' dir='ltr'>proxime</span> 
     </span>
     <span class='ocr_line' id='line_1_24' title="bbox 230 1766 1665 1829; baseline -0.004 -12"><span class='ocrx_word' id='word_1_150' title='bbox 230 1769 440 1826; x_wconf 83' lang='lat' dir='ltr'>dixerat,</span> <span class='ocrx_word' id='word_1_151' title='bbox 476 1776 520 1817; x_wconf 84' lang='lat' dir='ltr'>et</span> <span class='ocrx_word' id='word_1_152' title='bbox 544 1775 681 1816; x_wconf 74' lang='lat' dir='ltr'>erunt</span> <span class='ocrx_word' id='word_1_153' title='bbox 706 1767 841 1816; x_wconf 80' lang='lat' dir='ltr'>duo</span> <span class='ocrx_word' id='word_1_154' title='bbox 824 1784 874 1814; x_wconf 82' lang='lat' dir='ltr'>m</span> <span class='ocrx_word' id='word_1_155' title='bbox 899 1784 1042 1816; x_wconf 80' lang='lat' dir='ltr'>carne</span> <span class='ocrx_word' id='word_1_156' title='bbox 1064 1783 1176 1823; x_wconf 81' lang='lat' dir='ltr'>una,</span> <span class='ocrx_word' id='word_1_157' title='bbox 1214 1766 1315 1814; x_wconf 87' lang='lat' dir='ltr'>sive</span> <span class='ocrx_word' id='word_1_158' title='bbox 1354 1766 1465 1828; x_wconf 86' lang='lat' dir='ltr'>quia</span> <span class='ocrx_word' id='word_1_159' title='bbox 1506 1766 1665 1829; x_wconf 87' lang='lat' dir='ltr'>loqui-</span> 
     </span>
     <span class='ocr_line' id='line_1_25' title="bbox 231 1833 1668 1897; baseline -0.003 -13"><span class='ocrx_word' id='word_1_160' title='bbox 231 1847 311 1885; x_wconf 86' lang='lat' dir='ltr'>tur</span> <span class='ocrx_word' id='word_1_161' title='bbox 335 1835 398 1883; x_wconf 90' lang='lat' dir='ltr'>de</span> <span class='ocrx_word' id='word_1_162' title='bbox 423 1833 730 1881; x_wconf 86' lang='lat' dir='ltr'>matrimonio</span> <span class='ocrx_word' id='word_1_163' title='bbox 772 1833 904 1897; x_wconf 90' lang='lat' dir='ltr'>quod</span> <span class='ocrx_word' id='word_1_164' title='bbox 945 1833 1079 1897; x_wconf 85' lang='lat' dir='ltr'>apud</span> <span class='ocrx_word' id='word_1_165' title='bbox 1102 1833 1303 1883; x_wconf 83' lang='lat' dir='ltr'>Judaeos</span> <span class='ocrx_word' id='word_1_166' title='bbox 1328 1833 1495 1881; x_wconf 87' lang='lat' dir='ltr'>libello</span> <span class='ocrx_word' id='word_1_167' title='bbox 1519 1848 1668 1896; x_wconf 83' lang='lat' dir='ltr'>repu-</span> 
     </span>
     <span class='ocr_line' id='line_1_26' title="bbox 232 1900 1667 1964; baseline -0.002 -13"><span class='ocrx_word' id='word_1_168' title='bbox 232 1904 299 1951; x_wconf 89' lang='lat' dir='ltr'>dii</span> <span class='ocrx_word' id='word_1_169' title='bbox 357 1902 653 1950; x_wconf 85' lang='lat' dir='ltr'>solvebatur.</span> <span class='ocrx_word' id='word_1_170' title='bbox 728 1900 861 1948; x_wconf 90' lang='lat' dir='ltr'>Illud</span> <span class='ocrx_word' id='word_1_171' title='bbox 909 1917 1054 1964; x_wconf 87' lang='lat' dir='ltr'>porro</span> <span class='ocrx_word' id='word_1_172' title='bbox 1104 1910 1493 1949; x_wconf 84' lang='lat' dir='ltr'>consummatum</span> <span class='ocrx_word' id='word_1_173' title='bbox 1543 1910 1667 1949; x_wconf 83' lang='lat' dir='ltr'>erat.</span> 
     </span>
     <span class='ocr_line' id='line_1_27' title="bbox 235 1967 1672 2032; baseline -0.003 -12"><span class='ocrx_word' id='word_1_174' title='bbox 235 1969 383 2020; x_wconf 87' lang='lat' dir='ltr'>Unde</span> <span class='ocrx_word' id='word_1_175' title='bbox 406 1968 477 2017; x_wconf 89' lang='lat' dir='ltr'>sic</span> <span class='ocrx_word' id='word_1_176' title='bbox 502 1967 735 2032; x_wconf 87' lang='lat' dir='ltr'>distingui</span> <span class='ocrx_word' id='word_1_177' title='bbox 759 1977 954 2031; x_wconf 87' lang='lat' dir='ltr'>potest:</span> <span class='ocrx_word' id='word_1_178' title='bbox 993 1968 1125 2032; x_wconf 90' lang='lat' dir='ltr'>quod</span> <span class='ocrx_word' id='word_1_179' title='bbox 1151 1969 1290 2016; x_wconf 90' lang='lat' dir='ltr'>Deus</span> <span class='ocrx_word' id='word_1_180' title='bbox 1328 1967 1582 2030; x_wconf 75' lang='lat' dir='ltr'>conjunxit</span> <span class='ocrx_word' id='word_1_181' title='bbox 1619 1968 1672 2015; x_wconf 86' lang='lat' dir='ltr'>in</span> 
     </span>
     <span class='ocr_line' id='line_1_28' title="bbox 234 2034 1671 2100; baseline -0.001 -15"><span class='ocrx_word' id='word_1_182' title='bbox 234 2052 332 2086; x_wconf 85' lang='lat' dir='ltr'>una</span> <span class='ocrx_word' id='word_1_183' title='bbox 357 2052 521 2093; x_wconf 84' lang='lat' dir='ltr'>carne,</span> <span class='ocrx_word' id='word_1_184' title='bbox 556 2035 704 2083; x_wconf 91' lang='lat' dir='ltr'>homo</span> <span class='ocrx_word' id='word_1_185' title='bbox 729 2050 826 2083; x_wconf 90' lang='lat' dir='ltr'>non</span> <span class='ocrx_word' id='word_1_186' title='bbox 851 2046 1062 2100; x_wconf 83' lang='lat' dir='ltr'>separet,</span> <span class='ocrx_word' id='word_1_187' title='bbox 1099 2053 1223 2089; x_wconf 76' lang='lat' dir='ltr'><strong><em>conc.</em></strong></span> <span class='ocrx_word' id='word_1_188' title='bbox 1254 2034 1385 2098; x_wconf 92' lang='lat' dir='ltr'>quod</span> <span class='ocrx_word' id='word_1_189' title='bbox 1413 2035 1671 2096; x_wconf 83' lang='lat' dir='ltr'>conjunxit</span> 
     </span>
     <span class='ocr_line' id='line_1_29' title="bbox 220 2102 1670 2168; baseline -0.001 -17"><span class='ocrx_word' id='word_1_190' title='bbox 220 2104 305 2162; x_wconf 44' lang='lat' dir='ltr'>⁸in</span> <span class='ocrx_word' id='word_1_191' title='bbox 308 2120 405 2152; x_wconf 88' lang='lat' dir='ltr'>uno</span> <span class='ocrx_word' id='word_1_192' title='bbox 440 2102 610 2167; x_wconf 84' lang='lat' dir='ltr'>spiritu</span> <span class='ocrx_word' id='word_1_193' title='bbox 637 2111 843 2160; x_wconf 85' lang='lat' dir='ltr'>tantum,</span> <span class='ocrx_word' id='word_1_194' title='bbox 881 2120 1015 2168; x_wconf 77' lang='lat' dir='ltr'>neg.</span> <span class='ocrx_word' id='word_1_195' title='bbox 1060 2102 1340 2151; x_wconf 85' lang='lat' dir='ltr'>Addimus</span> <span class='ocrx_word' id='word_1_196' title='bbox 1329 2118 1378 2148; x_wconf 89' lang='lat' dir='ltr'>m</span> <span class='ocrx_word' id='word_1_197' title='bbox 1404 2118 1522 2150; x_wconf 83' lang='lat' dir='ltr'>casu</span> <span class='ocrx_word' id='word_1_198' title='bbox 1549 2103 1670 2150; x_wconf 88' lang='lat' dir='ltr'>Pro-</span> 
     </span>
     <span class='ocr_line' id='line_1_30' title="bbox 231 2169 1670 2241; baseline -0.001 -23"><span class='ocrx_word' id='word_1_199' title='bbox 231 2170 455 2227; x_wconf 78' lang='lat' dir='ltr'>fessionis</span> <span class='ocrx_word' id='word_1_200' title='bbox 479 2169 736 2233; x_wconf 73' lang='lat' dir='ltr'>religiosae,</span> <span class='ocrx_word' id='word_1_201' title='bbox 772 2187 870 2217; x_wconf 84' lang='lat' dir='ltr'>non</span> <span class='ocrx_word' id='word_1_202' title='bbox 898 2169 1162 2224; x_wconf 87' lang='lat' dir='ltr'>hominem,</span> <span class='ocrx_word' id='word_1_203' title='bbox 1200 2170 1288 2217; x_wconf 87' lang='lat' dir='ltr'>sed</span> <span class='ocrx_word' id='word_1_204' title='bbox 1315 2169 1520 2241; x_wconf 82' lang='lat' dir='ltr'>Deum&#39;</span> <span class='ocrx_word' id='word_1_205' title='bbox 1508 2185 1670 2233; x_wconf 73' lang='lat' dir='ltr'>ipsum</span> 
     </span>
     <span class='ocr_line' id='line_1_31' title="bbox 230 2236 1396 2303; baseline -0.004 -16"><span class='ocrx_word' id='word_1_206' title='bbox 230 2253 493 2303; x_wconf 78' lang='lat' dir='ltr'>separare;</span> <span class='ocrx_word' id='word_1_207' title='bbox 527 2253 629 2294; x_wconf 85' lang='lat' dir='ltr'>rem</span> <span class='ocrx_word' id='word_1_208' title='bbox 655 2236 784 2284; x_wconf 90' lang='lat' dir='ltr'>enim</span> <span class='ocrx_word' id='word_1_209' title='bbox 808 2238 879 2286; x_wconf 91' lang='lat' dir='ltr'>sic</span> <span class='ocrx_word' id='word_1_210' title='bbox 906 2238 1045 2286; x_wconf 90' lang='lat' dir='ltr'>Deus</span> <span class='ocrx_word' id='word_1_211' title='bbox 1071 2237 1331 2284; x_wconf 80' lang='lat' dir='ltr'>ordinavit.</span> <span class='ocrx_word' id='word_1_212' title='bbox 1392 2262 1396 2266; x_wconf 93' lang='lat'>-</span> 
     </span>
    </p>

    <p class='ocr_par' dir='ltr' id='par_1_8' title="bbox 240 2304 1670 2438">
     <span class='ocr_line' id='line_1_32' title="bbox 306 2304 1670 2370; baseline 0 -18"><span class='ocrx_word' id='word_1_213' title='bbox 306 2306 410 2369; x_wconf 58' lang='lat' dir='ltr'>O&amp;-</span> <span class='ocrx_word' id='word_1_214' title='bbox 450 2308 515 2352; x_wconf 81' lang='lat'>40·</span> <span class='ocrx_word' id='word_1_215' title='bbox 573 2308 616 2351; x_wconf 94' lang='lat'><strong><em>1.</em></strong></span> <span class='ocrx_word' id='word_1_216' title='bbox 641 2305 753 2352; x_wconf 88' lang='lat' dir='ltr'>Cor.</span> <span class='ocrx_word' id='word_1_217' title='bbox 781 2308 828 2357; x_wconf 87' lang='grc'>7.</span> <span class='ocrx_word' id='word_1_218' title='bbox 854 2306 935 2354; x_wconf 77' lang='lat'><strong><em>27.</em></strong></span> <span class='ocrx_word' id='word_1_219' title='bbox 1006 2304 1246 2370; x_wconf 76' lang='lat' dir='ltr'>Alligatus</span> <span class='ocrx_word' id='word_1_220' title='bbox 1284 2321 1332 2353; x_wconf 81' lang='lat' dir='ltr'>es</span> <span class='ocrx_word' id='word_1_221' title='bbox 1379 2305 1530 2364; x_wconf 79' lang='lat' dir='ltr'>uxori,</span> <span class='ocrx_word' id='word_1_222' title='bbox 1572 2304 1670 2354; x_wconf 75' lang='lat' dir='ltr'>noli</span> 
     </span>
     <span class='ocr_line' id='line_1_33' title="bbox 240 2362 1104 2438; baseline -0.004 -16"><span class='ocrx_word' id='word_1_223' title='bbox 240 2388 446 2438; x_wconf 64' lang='lat' dir='ltr'>quaerere</span> <span class='ocrx_word' id='word_1_224' title='bbox 468 2370 758 2420; x_wconf 80' lang='lat' dir='ltr'>solutionem.</span> <span class='ocrx_word' id='word_1_225' title='bbox 829 2362 981 2434; x_wconf 89' lang='lat' dir='ltr'>Ergo,</span> <span class='ocrx_word' id='word_1_226' title='bbox 1014 2376 1104 2419; x_wconf 74' lang='grc' dir='ltr'>ὅτε.</span> 
     </span>
    </p>

    <p class='ocr_par' dir='ltr' id='par_1_9' title="bbox 237 2435 1676 2706">
     <span class='ocr_line' id='line_1_34' title="bbox 307 2435 1672 2504; baseline 0 -17"><span class='ocrx_word' id='word_1_227' title='bbox 307 2440 367 2487; x_wconf 91' lang='lat' dir='ltr'><strong><em>R.</em></strong></span> <span class='ocrx_word' id='word_1_228' title='bbox 407 2439 699 2502; x_wconf 89' lang='lat' dir='ltr'>Apostolum</span> <span class='ocrx_word' id='word_1_229' title='bbox 725 2439 859 2504; x_wconf 74' lang='lat' dir='ltr'>loqui</span> <span class='ocrx_word' id='word_1_230' title='bbox 902 2439 964 2486; x_wconf 89' lang='lat' dir='ltr'>de</span> <span class='ocrx_word' id='word_1_231' title='bbox 1012 2435 1337 2486; x_wconf 85' lang='lat' dir='ltr'>matrimonio</span> <span class='ocrx_word' id='word_1_232' title='bbox 1364 2453 1672 2487; x_wconf 84' lang='lat' dir='ltr'>consumma·</span> 
     </span>
     <span class='ocr_line' id='line_1_35' title="bbox 237 2505 1676 2569; baseline -0.001 -15"><span class='ocrx_word' id='word_1_233' title='bbox 237 2516 306 2554; x_wconf 81' lang='lat' dir='ltr'>to.</span> <span class='ocrx_word' id='word_1_234' title='bbox 377 2505 623 2553; x_wconf 83' lang='lat' dir='ltr'>Praeterea</span> <span class='ocrx_word' id='word_1_235' title='bbox 662 2506 772 2554; x_wconf 75' lang='lat' dir='ltr'>dist.</span> <span class='ocrx_word' id='word_1_236' title='bbox 842 2505 957 2553; x_wconf 89' lang='lat' dir='ltr'>Noli</span> <span class='ocrx_word' id='word_1_237' title='bbox 1000 2522 1219 2569; x_wconf 78' lang='lat' dir='ltr'>quaerere</span> <span class='ocrx_word' id='word_1_238' title='bbox 1251 2506 1543 2554; x_wconf 81' lang='lat' dir='ltr'>solutionem</span> <span class='ocrx_word' id='word_1_239' title='bbox 1584 2506 1676 2553; x_wconf 85' lang='lat' dir='ltr'>nisi</span> 
     </span>
     <span class='ocr_line' id='line_1_36' title="bbox 237 2571 1672 2637; baseline 0.001 -17"><span class='ocrx_word' id='word_1_240' title='bbox 237 2571 558 2633; x_wconf 15' lang='lat' dir='ltr'>licitovmodo</span> <span class='ocrx_word' id='word_1_241' title='bbox 596 2582 648 2620; x_wconf 89' lang='lat' dir='ltr'>et</span> <span class='ocrx_word' id='word_1_242' title='bbox 683 2576 831 2637; x_wconf 76' lang='lat' dir='ltr'>prout</span> <span class='ocrx_word' id='word_1_243' title='bbox 870 2588 899 2621; x_wconf 86' lang='lat' dir='ltr'>a</span> <span class='ocrx_word' id='word_1_244' title='bbox 933 2574 1045 2622; x_wconf 89' lang='lat' dir='ltr'>Deo</span> <span class='ocrx_word' id='word_1_245' title='bbox 1087 2573 1194 2637; x_wconf 87' lang='lat' dir='ltr'>ipso</span> <span class='ocrx_word' id='word_1_246' title='bbox 1260 2573 1535 2622; x_wconf 83' lang='lat' dir='ltr'>ordinatum</span> <span class='ocrx_word' id='word_1_247' title='bbox 1580 2585 1672 2630; x_wconf 85' lang='lat' dir='ltr'>est,</span> 
     </span>
     <span class='ocr_line' id='line_1_37' title="bbox 238 2639 678 2706; baseline -0.009 -16"><span class='ocrx_word' id='word_1_248' title='bbox 238 2657 364 2690; x_wconf 82' lang='lat' dir='ltr'><strong><em>conc.</em></strong></span> <span class='ocrx_word' id='word_1_249' title='bbox 391 2639 550 2696; x_wconf 83' lang='lat' dir='ltr'>aliter,</span> <span class='ocrx_word' id='word_1_250' title='bbox 574 2657 678 2706; x_wconf 82' lang='lat' dir='ltr'>neg.</span> 
     </span>
    </p>

    <p class='ocr_par' dir='ltr' id='par_1_10' title="bbox 239 2706 1677 2906">
     <span class='ocr_line' id='line_1_38' title="bbox 315 2706 1677 2772; baseline 0 -17"><span class='ocrx_word' id='word_1_251' title='bbox 315 2707 418 2772; x_wconf 69' lang='lat' dir='ltr'><strong><em>Oly‘.</em></strong></span> <span class='ocrx_word' id='word_1_252' title='bbox 443 2710 507 2755; x_wconf 88' lang='lat'>5⁰·</span> <span class='ocrx_word' id='word_1_253' title='bbox 547 2707 816 2770; x_wconf 88' lang='lat' dir='ltr'>Apostolus</span> <span class='ocrx_word' id='word_1_254' title='bbox 840 2706 958 2756; x_wconf 85' lang='lat' dir='ltr'>ibid.</span> <span class='ocrx_word' id='word_1_255' title='bbox 983 2724 1028 2755; x_wconf 83' lang='lat' dir='ltr'><strong><em>v.</em></strong></span> <span class='ocrx_word' id='word_1_256' title='bbox 1058 2708 1102 2754; x_wconf 82' lang='lat'><strong><em>4.</em></strong></span> <span class='ocrx_word' id='word_1_257' title='bbox 1174 2707 1357 2756; x_wconf 68' lang='lat' dir='ltr'>Mulier</span> <span class='ocrx_word' id='word_1_258' title='bbox 1374 2710 1452 2757; x_wconf 75' lang='lat' dir='ltr'>sui</span> <span class='ocrx_word' id='word_1_259' title='bbox 1469 2708 1677 2772; x_wconf 80' lang='lat' dir='ltr'>corporis</span> 
     </span>
     <span class='ocr_line' id='line_1_39' title="bbox 239 2774 1677 2838; baseline 0 -16"><span class='ocrx_word' id='word_1_260' title='bbox 239 2781 507 2838; x_wconf 77' lang='lat' dir='ltr'>potestatem</span> <span class='ocrx_word' id='word_1_261' title='bbox 541 2791 632 2822; x_wconf 83' lang='lat' dir='ltr'>non</span> <span class='ocrx_word' id='word_1_262' title='bbox 660 2775 810 2823; x_wconf 77' lang='lat' dir='ltr'>habet.</span> <span class='ocrx_word' id='word_1_263' title='bbox 883 2774 1018 2838; x_wconf 85' lang='lat' dir='ltr'>Ergo</span> <span class='ocrx_word' id='word_1_264' title='bbox 1043 2790 1139 2822; x_wconf 90' lang='lat' dir='ltr'>non</span> <span class='ocrx_word' id='word_1_265' title='bbox 1164 2785 1327 2838; x_wconf 87' lang='lat' dir='ltr'>potest</span> <span class='ocrx_word' id='word_1_266' title='bbox 1353 2775 1505 2823; x_wconf 86' lang='lat' dir='ltr'>virum</span> <span class='ocrx_word' id='word_1_267' title='bbox 1535 2775 1677 2823; x_wconf 87' lang='lat' dir='ltr'>dere·</span> 
     </span>
     <span class='ocr_line' id='line_1_40' title="bbox 243 2839 1264 2906; baseline 0.003 -20"><span class='ocrx_word' id='word_1_268' title='bbox 243 2839 460 2903; x_wconf 87' lang='lat' dir='ltr'>linquere</span> <span class='ocrx_word' id='word_1_269' title='bbox 487 2851 538 2900; x_wconf 86' lang='lat' dir='ltr'>ut</span> <span class='ocrx_word' id='word_1_270' title='bbox 565 2840 919 2899; x_wconf 82' lang='lat' dir='ltr'>Monasteriurn</span> <span class='ocrx_word' id='word_1_271' title='bbox 946 2841 1264 2906; x_wconf 84' lang='lat' dir='ltr'>ingrediatur.</span> 
     </span>
    </p>

    <p class='ocr_par' dir='ltr' id='par_1_11' title="bbox 927 2908 1678 2957">
     <span class='ocr_line' id='line_1_41' title="bbox 927 2908 1678 2957; baseline -0.001 0"><span class='ocrx_word' id='word_1_272' title='bbox 927 2909 971 2957; x_wconf 89' lang='lat' dir='ltr'><strong><em>R</em></strong></span> <span class='ocrx_word' id='word_1_273' title='bbox 990 2925 1012 2956; x_wconf 87' lang='lat' dir='ltr'>r</span> <span class='ocrx_word' id='word_1_274' title='bbox 1040 2912 1069 2957; x_wconf 78' lang='lat'><strong>3</strong></span> <span class='ocrx_word' id='word_1_275' title='bbox 1615 2908 1678 2956; x_wconf 79' lang='lat' dir='ltr'><strong><em>R.</em></strong></span> 
     </span>
    </p>
   </div>
  </div>
 </body>
</html>
