1846 3250
588 181 684 230 DE
722 179 1017 230 ORDINE.
1483 185 1544 235 57

140 316 390 374 haeretico,
449 315 688 379 deposito,
726 316 1150 366 excommunicato
1206 317 1362 366 valide
1389 320 1554 367 confe-

137 396 318 438 rantur,
357 385 430 432 uti
471 384 611 443 infra,
649 384 730 433 ubi
756 386 819 434 de
861 384 1040 433 effectu
1078 383 1204 434 illius
1232 388 1549 444 Sacramenti‚

136 452 560 510 demonstrabitur,
600 470 696 500 non
745 466 947 517 possunt
994 464 1156 501 tamen
1203 455 1337 503 licite
1371 456 1554 519 suscipi

133 520 224 568 nisi
262 537 290 569 a
327 520 522 585 proprio
550 521 790 586 Epicopo.
866 520 1011 571 Unde
1053 521 1123 569 sic
1162 524 1330 571 statuit
1358 524 1545 572 Concil.

137 589 391 637 Nicaenum
424 593 465 637 1.
490 605 597 637 can.
628 592 703 637 17.
776 590 830 639 Si
857 590 959 655 quis
999 595 1139 637 clusus
1157 593 1321 654 fuerit
1355 591 1554 657 aliquem

137 659 218 722 qui
241 658 305 705 ad
337 657 533 706 alterum
571 659 772 722 pertinet
797 658 1018 707 ordinare
1047 659 1095 705 in
1121 675 1252 706 suam
1277 658 1553 717 Ecclesiam,

134 744 232 773 cam
251 744 340 773 non
365 725 530 774 habeat
553 743 817 775 consensum
837 726 1059 792 Episcopi
1083 726 1226 790 ipsius
1250 744 1277 774 a
1299 745 1387 792 quo
1413 746 1556 777 reces-

136 794 195 842 sit
242 792 462 842 Clericus.
497 793 637 842 irrita
674 794 736 842 sit
777 795 997 858 (ejusmodi
1041 794 1304 851 Ordinatio,
1359 796 1549 844 scilicet

137 862 295 925 quoad
320 861 610 909 exercitum.
679 863 757 909 Ita
796 863 978 910 habent
1002 862 1154 910 multa
1188 861 1281 910 alia
1308 862 1551 912 Concilio-

135 946 241 977 rum
284 945 343 977 ac
383 946 679 978 summorum
707 930 997 978 Pontificum
1026 931 1246 979 Decreta
1284 948 1391 993 quae
1417 931 1553 980 Trid.

137 997 361 1060 Synodus
386 1013 502 1046 sess.
530 999 607 1045 23.
645 998 708 1046 de
736 998 953 1047 Reform.
980 1015 1022 1046 c.
1049 1003 1095 1045 8.
1129 998 1201 1046 his
1227 1000 1384 1048 verbis
1408 1017 1548 1048 reno-

136 1064 295 1112 vavit:
344 1065 665 1132 Unusquisque
706 1084 734 1114 a
769 1067 960 1132 proprio
1002 1068 1224 1133 Episcopo
1267 1069 1510 1117 ordinetur
1533 1091 1552 1117 .-

134 1134 175 1181 .ςί
198 1150 322 1182 secus
340 1134 458 1195 fiat,
500 1134 739 1183 Ordinans
761 1152 788 1182 α
814 1134 1054 1183 collatione
1081 1137 1308 1185 Ordinum
1343 1154 1430 1203 per
1469 1155 1555 1188 an-

138 1219 261 1258 num,
300 1210 344 1249 et
372 1198 629 1251 Ordinatus
664 1221 691 1250 a
728 1211 1035 1268 susceptorum
1081 1205 1307 1253 Ordinum
1343 1210 1431 1270 per'
1468 1224 1553 1253 an-

137 1271 273 1325 tione,
310 1270 517 1334 quandiu
544 1271 745 1335 propriu
774 1271 1029 1319 Ordinario
1053 1272 1289 1321 videbitur
1324 1275 1553 1338 expedire,

137 1338 195 1384 sit
220 1354 477 1401 suspensus.
1203 1366 1206 1368 ·

212 1405 384 1459 Qoeres.
413 1406 488 1450 ⁶20.
512 1405 741 1467 ‘quisnam
768 1404 826 1452 sit
855 1406 1073 1469 proprius
1102 1407 1373 1472 Episcopus
1393 1410 1417 1455 Ρ

204 1473 265 1519 R.
296 1475 353 1518 1⁰·
377 1471 553 1519 variam
578 1473 726 1521 fuisse
752 1490 807 1520 ea
833 1475 894 1521 de
920 1490 971 1521 re
997 1475 1264 1537 disciplina,
1284 1477 1383 1525 sive
1403 1494 1552 1542 quan·

139 1551 239 1587 turn
267 1539 328 1586 ad
355 1539 546 1596 Laicos,
584 1541 683 1588 sive
710 1552 942 1604 quantum
969 1543 1032 1589 ad
1059 1543 1293 1591 Clericus.

203 1607 342 1655 Laici
383 1619 611 1671 poterant
648 1609 812 1665 olium,
850 1609 1306 1659 etiatn'inconsulto
1342 1614 1387 1659 in
1415 1619 1553 1675 cujus

135 1675 353 1723 Dioecesi
382 1675 479 1722 nati
510 1686 644 1724 erant
671 1677 933 1740 Episcopo,
982 1695 1008 1725 a
1033 1679 1202 1741 quovis
1227 1680 1321 1728 alio
1342 1681 1552 1729 ordinari

137 1744 217 1807 qui
245 1760 355 1791 cum
387 1744 609 1792 Ecclesia
644 1746 886 1793 catholica
928 1752 1217 1807 conjunctus
1256 1761 1413 1797 esset:
1473 1750 1555 1797 Sic

133 1811 389 1875 Origenes,
453 1812 804 1877 Hieronymus,
867 1815 1096 1862 Paulinus
1167 1817 1549 1880 Burdigalensis‚

138 1880 400 1936 Martinus,
443 1882 765 1942 Augustinus,
803 1891 852 1928 et
896 1882 973 1928 alii
1006 1883 1242 1931 innumeri
1279 1885 1325 1930 in
1355 1886 1553 1934 Dioecc·

136 1949 265 1995 sibus
311 1947 359 1993 in
402 1947 574 2010 quibus
617 1950 716 1996 nati
756 1965 849 1995 non
899 1961 1051 2007 erant,
1089 1951 1286 1999 fuerunt
1329 1953 1552 2013 ordinati,

137 2016 204 2062 uti
234 2025 425 2062 constat
450 2031 511 2062 ex
536 2031 701 2063 eorum
729 2016 961 2064 Historia.

206 2083 450 2129 Praeterea
497 2085 720 2132 Canones
756 2084 956 2148 antiqui,
994 2102 1104 2133 cum
1147 2096 1313 2135 vetant
1349 2106 1411 2137 ne
1447 2091 1552 2153 quis

134 2151 265 2198 sibus
292 2166 387 2197 non
414 2150 607 2198 subdito
636 2152 854 2199 conferat
875 2153 1102 2211 Ordines,
1130 2154 1192 2202 de
1216 2157 1330 2205 solis
1352 2158 1553 2207 Clericis

138 2218 433 2265 mentionem
459 2218 660 2268 faciunt.
732 2220 892 2267 Laicis
920 2221 1066 2285 igitur
1098 2223 1295 2271 relative
1320 2226 1381 2272 ad
1409 2226 1554 2274 Ordi-

142 2287 384 2333 nationem
412 2298 529 2334 tunc
555 2289 711 2335 nullus
738 2300 839 2336 erat
865 2291 1089 2353 proprius
1116 2291 1403 2357 Episcopos.

166 2355 319 2402 1Alia
367 2367 527 2402 autem
576 2356 713 2419 prisis
760 2359 1058 2420 temporibus
1105 2358 1197 2407 fuit
1247 2362 1547 2410 Clericorum

137 2422 366 2470 conditio.
403 2422 503 2470 Illis
541 2424 667 2470 enirn
711 2426 931 2488 proprius
970 2436 1073 2474 erat
1101 2427 1426 2493 Episcopus-a
1450 2448 1547 2496 quo

135 2490 328 2538 fuerant
353 2490 575 2547 ordinati,
613 2502 661 2539 et
686 2509 713 2539 a
739 2509 837 2556 quo
862 2493 1065 2555 proinde
1087 2495 1379 2545 beneficium
1404 2515 1547 2548 acce-

136 2557 317 2619 pissent
341 2579 352 2614 ;
389 2558 610 2622 exceptis
635 2560 761 2607 enim
787 2562 1073 2624 quibusdam
1110 2562 1310 2612 insolitis
1337 2568 1543 2625 casibus,

136 2625 297 2673 nullus
323 2625 636 2674 ordinabatur
660 2628 776 2691 quin
811 2629 950 2677 simul
977 2630 1138 2693 aliquo
1180 2631 1321 2680 titulo
1347 2635 1550 2684 donare-

136 2704 214 2737 tur
257 2703 304 2740 et
355 2693 593 2756 Ecclesiae
640 2695 830 2744 cuidam
878 2698 1251 2748 adscriberetur.
1326 2694 1546 2752 Alienum

139 2758 381 2815 clericum,
420 2760 574 2825 inquit
615 2764 803 2812 Concil.
843 2766 1073 2830 Carthag.
1113 2771 1158 2815 3.
1201 2785 1306 2816 can.
1342 2762 1421 2818 2'1.
1457 2772 1549 2819 nisi

135 2828 421 2875 εοησεᾱεηίσ
445 2833 542 2893 ejus
575 2832 820 2896 Episcopo,
856 2849 984 2883 nemo
1024 2835 1193 2883 audeat
1234 2839 1433 2887 relinere
1479 2838 1551 2885 vel

129 2902 404 2957 promovere
425 2895 473 2943 in
499 2897 707 2948 Ecclesia
730 2900 817 2948 sibi
838 2902 1029 2952 credita.

200 2962 265 3008 R.
290 2964 366 3009 20.
402 2978 430 3009 a
453 2966 632 3015 saeculo
660 2970 736 3015 13,
773 2979 1006 3018 mutatam
1047 2969 1195 3020 fui-sse
1238 2972 1367 3022 hanc
1394 2972 1537 3020 disci-

496 3052 498 3059 ‘
1368 3040 1544 3104 plinam
