1846 3250
540 135 635 222 DE
673 169 1168 221 MATmMon.
1492 175 1587 221 195

250 310 352 374 Ubj.
377 311 454 357 20·
493 308 714 355 Adamus
741 308 867 356 Gen.
900 309 946 354 52.
972 309 1051 355 24.
1088 307 1149 354 de
1176 304 1275 352 viro
1301 314 1349 353 et
1386 306 1586 356 muliere

179 378 382 441 inquens
407 376 503 423 ait:
544 378 665 425 Sunt
704 377 795 423 duo
836 376 885 423 in
925 392 1066 423 carne
1101 391 1234 429 una,·
1273 391 1391 437 ergo
1426 376 1587 423 matri-

181 446 326 493 monii
350 443 455 491 finis
479 443 756 507 principalis
780 458 838 490 ac
864 443 1072 490 essentia
1096 443 1144 488 in
1172 459 1259 489 usu
1287 442 1521 491 consistit.

252 515 308 561 R.
341 514 450 560 dist.
481 512 645 560 ‚Erunt
687 511 783 559 duo
825 511 874 556 in
900 526 1046 558 carne
1089 526 1198 565 una,
1228 511 1388 571 quoad
1423 513 1500 575 jus
1539 522 1589 560 et

181 590 470 644 potestatem
512 579 679 627 utendi
728 579 1028 642 corporibus,
1063 595 1187 625 conc.
1225 578 1385 640 quoad
1432 581 1589 643 ipsum

182 664 317 697 usum
356 666 458 714 neg.
499 648 632 695 Hinc
670 657 834 695 textus
871 661 1059 709 graecus
1102 646 1590 697 l1abet:Eruntduo

178 717 244 763 ad
264 734 447 765 carnem
468 733 621 773 unam,
660 716 832 780 quibus
855 713 1108 775 verbisjus
1133 712 1195 759 ad
1212 729 1404 761 carnem
1432 717 1592 779 potius

182 800 325 848 quam
352 776 511 831 castnis
537 800 651 832 usus
677 783 980 859 exprimitur.

257 852 356 916 Oly.
401 855 480 898 30·
532 852 581 899 S.
633 853 844 913 August.
878 849 1031 912 inquit
1075 848 1292 897 Gratian.
1342 851 1420 900 27.
1457 868 1504 913 q.
1548 854 1594 899 2.

187 938 231 968 c.
261 922 337 967 16.
366 930 414 967 et
446 921 522 966 17.
557 919 627 967 sic
665 920 844 967 habet:
881 920 992 967 Non
1016 925 1080 965 est
1104 917 1287 965 dubium
1312 935 1409 967 eam
1435 919 1596 968 vizelie-

183 1005 279 1035 rem
304 1005 393 1036 non
410 987 655 1049 pertinere
681 988 744 1035 ad
782 987 1122 1035 matrimonium
1147 1003 1245 1033 cum
1271 1003 1360 1049 qua
1386 987 1598 1034 commix-

181 1056 248 1103 tio
271 1071 402 1103 sescus
439 1072 529 1102 non
572 1056 758 1103 docetur
770 1054 948 1118 fuisse.
1020 1054 1069 1102 S.
1092 1051 1229 1101 Leo.
1246 1053 1402 1116 Epist.
1429 1056 1508 1101 92.
1533 1054 1597 1102 ad

186 1123 376 1169 Rustic.
411 1122 581 1185 inquit⁵
604 1122 735 1169 idem
777 1121 1055 1178 Gratianus,
1098 1120 1168 1168 sic
1199 1119 1441 1184 loquitur:
1482 1123 1598 1186 Cum

182 1191 373 1238 societas
398 1191 665 1254 nuptiarum
690 1191 756 1239 ita
787 1191 844 1238 ab
877 1190 1011 1238 initio
1046 1190 1259 1237 instituta
1291 1190 1367 1246 sit,
1405 1197 1454 1236 ut
1472 1206 1599 1254 prce-

184 1267 258 1305 ter
291 1274 475 1305 sexuum
502 1258 878 1321 conjunctionem,
916 1276 1006 1305 non
1042 1257 1229 1305 haberet
1262 1257 1311 1304 in
1347 1276 1394 1305 se
1423 1258 1600 1306 Christi

188 1335 231 1373 et
258 1323 476 1373 Ecclesice
504 1327 864 1381 Sacramentum,
901 1326 1083 1373 dubium
1121 1342 1210 1372 non
1238 1333 1306 1372 est
1339 1342 1438 1373 eam
1464 1325 1601 1373 muli-

186 1410 305 1440 erem
333 1409 422 1440 non
451 1394 690 1457 pertinere
725 1394 788 1440 ad
811 1394 1184 1448 Matrimonium,
1221 1394 1270 1441 in
1295 1411 1385 1458 qua
1412 1393 1601 1448 docetur

189 1459 394 1524 nuptiale
434 1476 526 1510 non
550 1461 718 1524 fuisse
762 1461 1045 1525 mysterium.
1134 1460 1283 1523 Ergo,
1324 1465 1470 1521 Juxta
1512 1462 1601 1510 SS.

188 1529 375 1584 Patres,
426 1528 706 1589 conjunctio
732 1528 937 1576 carnalis
975 1527 1292 1576 Matrimonio
1335 1528 1601 1577 essentialis

191 1606 281 1643 est.

190 1731 273 1777 libi
298 1731 496 1793 reperiri
534 1731 582 1776 in
620 1731 747 1777 illius
774 1730 1035 1794 Operibus,
1085 1731 1493 1795 contrariumque
1517 1732 1603 1780 do-

190 1800 289 1846 ceri
309 1816 338 1846 a
365 1799 412 1846 S.
440 1799 679 1855 Doctore,
708 1811 760 1846 ut
785 1809 928 1846 antea
952 1799 1174 1846 vidimus.
1492 1836 1497 1847 .

261 1866 512 1915 Secundus
540 1877 706 1913 textus
731 1883 794 1914 ex
833 1866 1203 1914 Leone-citatus
1227 1866 1275 1913 iu
1308 1869 1603 1917 contrarium

192 1951 383 1981 sensum
410 1934 618 1996 legitur:
655 1950 746 1981 nec
771 1934 898 1980 enim
923 1934 1176 1997 particula,
1219 1952 1325 1992 non,
1361 1935 1410 1981 in
1450 1952 1605 1998 genu,-

192 2003 281 2048 iuis
313 2003 361 2049 S.
389 2002 618 2049 Doctoris
645 2001 887 2064 Operibus
922 2013 1124 2065 apparet
1150 2002 1228 2048 ubi
1256 2018 1283 2049 e
1326 2013 1495 2050 contra
1532 2004 1618 2056 sicv

193 2069 385 2131 legitur,
444 2078 495 2116 ut
546 2077 726 2134 praeter
770 2086 959 2117 seoeuum
1014 2071 1372 2134 conjunctionem
1417 2071 1607 2120 haberet

191 2139 312 2185 inse
341 2137 516 2184 Christi
554 2146 599 2184 et
636 2137 855 2185 Ecclesia>
892 2140 1274 2185 Sacramentum.-
1311 2139 1445 2201 quasi
1472 2139 1605 2188 dice,-

195 2216 285 2261 ret‚
323 2220 433 2251 cum
478 2204 685 2252 societas
731 2204 1006 2268 nuptiarum
1054 2205 1123 2253 ita
1156 2206 1377 2253 instituta
1423 2207 1499 2263 sit,
1550 2220 1606 2256 ut

195 2283 370 2336 praeter
394 2288 598 2320 sexuum
625 2272 1019 2337 conjunctionem
1048 2272 1249 2321 haberet
1272 2273 1320 2320 in
1345 2291 1397 2322 se
1423 2275 1607 2325 Christi

197 2351 246 2387 et
291 2340 513 2388 Ecclesia
556 2340 940 2398 Sacramentum,
990 2341 1192 2390 dubium
1238 2358 1334 2389 non
1375 2354 1451 2390 est
1495 2360 1605 2395 eam

198 2407 463 2462 mulierem,
500 2424 672 2473 nempe
715 2408 1037 2457 concubinam
1080 2411 1141 2456 de
1167 2426 1264 2473 qua
1287 2410 1551 2458 consulitur
1575 2429 1605 2461 a,

200 2476 419 2535 Rustico,
458 2493 551 2522 non
592 2477 837 2540 pertinere
869 2476 931 2524 ad
960 2478 1341 2533 Matrimonium,
1378 2494 1466 2526 seu
1507 2496 1605 2528 uon

199 2560 304 2590 esse
329 2561 488 2592 veram
532 2561 731 2592 uxorem
760 2545 844 2591 viri
886 2545 966 2608 qui
994 2545 1123 2592 illam
1158 2545 1385 2603 habebat,
1421 2547 1533 2608 quia
1555 2548 1606 2595 in

200 2628 258 2657 ea
293 2627 387 2657 non
428 2620 501 2658 est
540 2613 820 2677 mysteiium
864 2612 1050 2660 unionis
1077 2613 1255 2661 Christi
1293 2630 1403 2661 cum
1432 2614 1606 2665 Eccle-

201 2679 284 2733 sia,
324 2695 430 2740 quae
473 2679 810 2728 indissolubilis
844 2692 944 2735 est;
982 2697 1092 2729 cum
1135 2698 1161 2729 e
1188 2682 1429 2729 contrario
1471 2683 1553 2732 illa
1577 2701 1607 2733 a

201 2746 301 2792 viro
324 2746 580 2793 fornicario
605 2750 817 2812 separari
841 2749 1031 2798 debeat.

273 2813 373 2877 obj.
400 2818 463 2860 4⁰·
500 2814 862 2864 Matrimonium
912 2816 1174 2880 praesertim
1223 2817 1606 2867 Christianorum

203 2881 427 2928 unionem
471 2882 647 2930 Christi
690 2900 798 2933 cum
844 2884 1068 2932 Ecclesia
1113 2885 1385 2949 significare
1427 2886 1606 2934 debet:

202 2949 332 3012 atqui
372 2965 465 2997 non
509 2950 594 2997 nisi
620 2967 705 3014 per
740 2953 1130 3014 conjunctionem
1157 2953 1311 3001 carnis
1346 2952 1624 3016 significari

872 3021 903 3066 S
1443 3030 1605 3084 potest

262 1665 320 1711 R.
345 1674 535 1720 textum
582 1662 844 1725 Augustini
870 1678 898 1710 a
934 1662 1169 1711 Gratiano
1208 1663 1457 1711 laudatum
1499 1665 1606 1711 nul-

1765 3137 1846 3250 Β,
