1846 3250
249 148 351 204 312
408 142 413 148 ⁴
718 156 730 199 f
759 150 1195 203 TR‘ACTATUS
1239 191 1243 193 -

249 292 509 346 acceptata
532 300 628 332 non
654 296 1052 335 revoceturante
1077 284 1387 343 adulterium,
1425 283 1538 348 quia
1561 302 1672 348 pro-

247 350 410 402 missio
436 364 666 416 revocata
692 358 794 415 jam
821 370 918 400 non
959 354 1143 402 existit.
1216 354 1314 401 Sed
1349 353 1483 416 parvi
1519 352 1670 399 refert

247 433 308 464 an
356 419 609 479 promissio
656 420 762 469 haec
816 422 876 470 sit
924 421 1265 469 conditionalis
1311 421 1388 469 vel
1431 420 1669 477 absoluta,

246 484 468 533 fictarvel.
489 486 696 545 sincera,
734 489 879 536 modo
909 500 1068 538 tamen
1104 490 1166 536 sit
1191 488 1407 536 exterius
1446 487 1672 534 manifcs-
1719 526 1723 530 ,

173 551 176 554 ’
250 560 353 599 tata
378 563 427 600 et
453 565 722 617 acceptata.
796 557 941 605 Ratio
984 567 1057 604 est
1087 556 1199 619 quia
1237 555 1491 618 promissio
1523 553 1670 601 simu-

248 618 348 689 lata
389 637 497 682 quae
534 622 663 670 seria
704 622 1027 681 existimatur,
1065 640 1162 669 non
1200 624 1357 669 minus
1393 622 1454 669 ad
1487 622 1670 669 crimen

249 683 455 749 impellit
490 706 633 752 quam
659 690 696 737 si
722 708 836 739 vera
879 702 1024 739 esset.
1096 694 1177 738 An
1217 700 1380 737 autem
1420 688 1673 736 taciturni-

248 762 321 800 tas
370 755 431 802 sit
478 757 720 805 sufficiens
775 757 1126 821 acceptationis
1179 757 1389 819 signum,
1444 772 1504 802 an
1553 771 1666 811 non,

249 822 550 873 convertitur
573 824 699 873 inter
736 826 1033 888 Theologos.
1106 825 1280 872 Tutior
1314 840 1424 887 pars
1449 832 1522 869 est
1547 822 1671 869 affir-

253 902 386 940 mans
422 905 481 939 ac
512 892 722 955 ‘proinde
757 893 805 940 in
849 894 988 955 praxi
1025 892 1267 947 tenenda;
1302 908 1389 939 seu
1431 889 1590 953 potius
1624 890 1672 935 in

249 956 323 1003 his
366 958 743 1008 circumstantiis
789 961 1062 1008 difficilibus
1110 959 1298 1007 consuli
1341 959 1490 1005 debet
1534 957 1672 1019 Epis-

255 1038 427 1087 copus.
517 1027 728 1090 Oportet
766 1032 845 1076 30·
885 1039 937 1075 ut
978 1027 1271 1075 adulterium
1319 1026 1381 1073 sit
1419 1024 1672 1086 cognitum

252 1092 448 1155 utrique
502 1094 813 1154 adulteranti,
850 1112 936 1143 seu
985 1106 1038 1142 ut
1090 1101 1268 1142 'statum
1309 1091 1518 1154 conjugii
1562 1106 1672 1154 pars

255 1170 461 1222 utraque
504 1175 787 1224 cognoscat.
882 1161 1095 1226 Oportet
1142 1167 1223 1209 40·
1259 1171 1313 1207 ut
1360 1160 1420 1206 sit
1467 1174 1673 1213 verum;

252 1241 347 1275 nec
387 1228 515 1275 enim
565 1229 741 1277 sufficit
788 1230 1138 1286 existimatum,
1174 1244 1218 1273 v.
1243 1244 1291 1290 g.
1326 1226 1364 1273 si
1408 1226 1672 1289 putabatur

245 1294 446 1343 maritus
472 1295 634 1343 vivere
660 1297 739 1361 qui
769 1302 869 1359 jam
911 1308 1014 1345 erat
1040 1306 1276 1345 mortuus·
1355 1294 1565 1356 Oportet
1594 1292 1673 1340 5⁰·

243 1371 296 1411 nt
322 1362 383 1411 sit
408 1374 813 1414 consummatum.
1413 1405 1415 1407 .

930 1500 1000 1547 II.

313 1633 636 1698 Coty‘ucidium
668 1633 813 1682 solum
849 1650 908 1682 ac
947 1632 1093 1681 etiam
1130 1633 1234 1681 sine
1276 1630 1517 1680 adulterio
1554 1631 1665 1678 sub-

240 1714 450 1764 sequens
482 1701 848 1749 *matrimonium
888 1700 1083 1748 dirimit.
1156 1699 1254 1748 Sed
1290 1709 1389 1745 tres
1413 1699 1669 1762 requirun-

241 1779 320 1815 tur
360 1768 664 1832 conditiones
699 1769 928 1832 Oportet.
967 1771 1044 1815 10·
1083 1776 1135 1815 ut
1161 1765 1486 1827 conJ'ucidium
1519 1765 1672 1813 fuerit:

240 1835 438 1884 realiter
485 1846 740 1900 peractum
788 1846 873 1884 aut
930 1835 1135 1900 physice
1177 1843 1263 1881 aut
1320 1832 1529 1881 concilio
1579 1841 1674 1879 aut-

241 1903 506 1952 mandato:
544 1921 640 1952 non
683 1904 861 1952 sufficit
885 1915 1049 1951 autem
1088 1912 1144 1950 ut
1179 1910 1472 1949 attentatum
1498 1899 1664 1953 fuerit,

242 1972 317 2019 vel
343 1972 628 2035 simpliciter
652 1973 975 2036 approbatum
1000 1970 1040 2018 si
1065 1986 1182 2019 casu
1209 1967 1442 2016 evenerit.
1504 1967 1665 2031 Opor-

242 2048 314 2087 tet
363 2042 445 2086 20·
480 2050 537 2088 ut
577 2042 643 2088 ab-
688 2051 898 2103 utroque
938 2055 1107 2087 eorum
1166 2037 1251 2101 qui
1308 2033 1668 2083 matrimonium

243 2108 534 2156 contrahere
580 2107 767 2165 volunt,
805 2108 882 2155 vel
918 2108 1090 2155 saltem
1126 2107 1187 2155 ab
1226 2120 1322 2151 uno
1364 2103 1427 2151 de
1470 2101 1666 2155 alterius

242 2189 483 2223 consensu
524 2185 778 2238 peractum
825 2174 903 2222 sit.
975 2173 1123 2223 Unde
1164 2182 1261 2220 non
1309 2169 1486 2219 sufficit
1534 2168 1678 2233 quod·

242 2247 423 2305 conjux
472 2248 731 2305 conjugem
780 2242 991 2296 occidat,
1060 2242 1098 2287 si
1146 2254 1355 2305 persona
1409 2253 1520 2286 cum
1569 2244 1676 2300 qua

240 2310 346 2357 vult
403 2310 761 2358 matrimonium
822 2309 1129 2364 contrahere,
1189 2307 1384 2368 ignoret
1440 2305 1516 2351 vel
1565 2319 1664 2350 non

243 2378 516 2426 consentiat
555 2376 670 2425 huic
713 2376 995 2424 homicidio.
1070 2376 1283 2437 Oportet
1328 2375 1406 2419 30·
1452 2381 1507 2418 ut
1551 2386 1667 2418 con-

240 2444 440 2507 spiratio
465 2445 718 2494 amborum
759 2444 1070 2506 complicium
1094 2442 1227 2489 facta
1263 2440 1324 2486 sit
1371 2455 1482 2486 cum
1509 2438 1665 2484 inten-

241 2512 373 2559 tione
423 2504 778 2560 matrimonium
838 2512 964 2558 inte'r
1027 2527 1079 2557 se
1136 2505 1472 2561 contrahendi.
1544 2506 1663 2558 Quae

241 2581 435 2640 quidem
463 2580 668 2627 intentio
694 2580 843 2626 debet
880 2577 1096 2626 exterius
1133 2573 1429 2623 manifestari
1455 2584 1508 2619 ut
1549 2571 1665 2619 utri·

242 2647 711 2709 que'innotes'cere,
748 2645 962 2709 alioquin
1010 2660 1104 2692 non
1155 2644 1284 2690 esset
1331 2650 1502 2689 mutua
1545 2638 1665 2686 duo-

239 2730 360 2761 rum·
389 2714 701 2777 conspiratio.
772 2714 919 2762 Unde
962 2712 1000 2759 si
1026 2714 1223 2772 'conjux
1268 2708 1522 2756 occidatur
1546 2722 1675 2773 vrgc

241 2797 306 2830 ex
348 2781 565 2828 vindicta
614 2782 692 2829 vel
729 2782 790 2828 ob
841 2796 977 2842 spem
1032 2775 1373 2832 successionis,
1410 2785 1529 2822 tunc
1564 2788 1662 2820 non

241 2850 335 2907 erit
369 2848 769 2912 impedimentum
823 2847 1052 2895 dirimens
1104 2862 1169 2894 ex
1217 2840 1677 2905 commun-isTheo--

242 2920 465 2982 logorum
491 2916 756 2977 sententia«
1385 2929 1387 2931 ·
1546 2933 1550 2950 τ
1581 2911 1661 3019 ΠἸ

1464 3019 1483 3026 x
