1846 3250
591 180 687 227 DE
729 177 1222 227 MATRIMONIO.
1514 173 1612 233 215

198 314 327 361 valet
353 313 501 368 civilis
525 322 606 361 aut
640 314 784 361 etiam
814 313 1159 362 ecclesiastica
1195 322 1425 377 potestas.
1520 313 1612 360 At-

200 382 280 444 qui
329 390 488 429 tamen
527 391 727 443 utraque
775 381 858 429 illa
910 393 1125 446 potestas
1161 383 1363 429 multum
1400 380 1527 430 valet
1561 379 1612 428 in

197 449 499 498 Matrimonii
523 447 838 498 substantiam
866 470 878 505 ;
914 467 1023 498 cum
1065 451 1249 498 factum
1275 451 1336 497 sit
1362 448 1614 512 utriusque

196 516 322 566 illius
355 518 607 580 potestatis
633 534 871 566 concursu
914 528 967 566 ut
1010 518 1324 566 Matrimonia
1366 533 1473 582 quae
1497 517 1611 565 olim

196 585 355 634 valida
379 597 532 644 erant,
560 591 829 647 jamffiunc,
856 580 1087 649 appositis
1107 585 1393 650 quibusdam
1414 585 1616 648 impedi-

197 654 385 709 mentis,
422 654 516 702 sint
538 653 686 702 irrita.
757 654 894 701 Talia
918 665 1029 701 sunt
1056 653 1372 702 Matrimonia
1394 654 1616 702 clandes-

196 720 309 779 tina,
348 732 397 770 et
421 723 467 769 in
495 733 631 771 certo
659 722 960 787 cognationis
985 722 1140 786 gradu
1166 732 1433 770 contracta.
1522 722 1612 769 Er-

194 805 275 852 go,
301 793 389 837 820.
1104 794 1107 796 ’

263 859 326 907 R.
350 859 457 907 dist.
494 859 695 907 Factum
721 868 795 907 est
820 858 1070 923 utriusque
1095 856 1350 922 potestatis
1369 873 1611 906 concursu

196 936 248 973 ut
297 927 610 975 Matrimonia
646 944 753 991 quae
790 928 902 974 olim
956 936 1094 974 erant
1128 926 1286 973 valida
1327 931 1424 987 jam
1481 942 1611 973 nunc

192 993 288 1041 sint
312 994 461 1051 irrita,
498 996 611 1058 quia
652 1006 934 1044 contractus
959 995 1102 1042 desiit
1127 1010 1232 1041 esse
1256 994 1308 1041 id
1333 993 1466 1058 quod
1489 1005 1612 1051 erat,

195 1078 317 1110 conc,
343 1062 460 1110 licet
485 1063 533 1110 id
574 1063 857 1111 remanserit
896 1063 1026 1125 quod
1053 1073 1157 1111 erat
1181 1073 1340 1120 antea,
1367 1080 1470 1127 neg.
1529 1062 1617 1108 Ni·-

194 1129 367 1177 mirum
402 1131 505 1179 fieri
542 1142 702 1193 potest
741 1132 989 1194 utriusque
1042 1131 1298 1196 potestatis
1353 1147 1613 1186 concursu,

192 1207 246 1245 ut
294 1207 573 1248 contractus
609 1199 709 1248 sive
757 1199 909 1248 civilis
961 1199 1062 1248 sive
1111 1199 1490 1256 ecclesiasticus,
1529 1198 1612 1262 qui

192 1275 338 1314 antea
372 1277 478 1315 erat
517 1268 719 1325 validus,
749 1270 1057 1332 jam‘postea
1088 1265 1189 1315 non
1230 1269 1405 1324 valeat,
1443 1267 1613 1331 sicque

195 1343 248 1381 ut
276 1338 375 1396 jam
403 1352 500 1383 non
534 1335 595 1383 sit
636 1337 1002 1385 Sacramentum
1043 1335 1243 1384 defectu
1276 1335 1491 1401 msateriae
1515 1336 1613 1382 suf-

191 1401 415 1451 ficientis.
505 1406 578 1453 At
606 1412 708 1451 vnon
742 1403 856 1453 inde
893 1421 1198 1468 consequens
1234 1415 1306 1452 est
1356 1414 1613 1468 utramque

191 1480 486 1533 potestatem
538 1471 718 1534 aliquid
755 1473 915 1521 valere
972 1473 1021 1519 in
1070 1472 1386 1521 substantiam
1439 1473 1610 1520 Sacra·
1658 1534 1661 1538 Δ

190 1538 372 1587 menti:
408 1540 478 1588 sic
504 1540 582 1603 qui
608 1557 668 1588 ex
693 1541 803 1589 vino
838 1551 1032 1589 acetum
1064 1541 1198 1598 facit,
1235 1540 1470 1598 nonideo
1496 1557 1612 1588 cen-

190 1608 323 1655 setur
342 1607 521 1672 aliquid
547 1625 688 1672 posse
713 1609 760 1655 in
789 1608 1160 1657 Eucharistiam.
1252 1609 1469 1656 Multum
1507 1609 1612 1672 qui-

191 1674 301 1723 dem
327 1686 487 1739 posset
514 1686 717 1740 utraque
758 1686 973 1741 potestas
1010 1677 1058 1723 in
1091 1677 1411 1726 substantiam
1435 1676 1611 1724 Matri-

189 1744 354 1802 monii,
406 1744 444 1792 si
485 1744 716 1797 >efficeret
760 1748 831 1793 ‘ut
891 1755 1171 1794 contractus
1230 1745 1477 1807 legitimus
1513 1755 1611 1792 non

189 1822 318 1860 esset
363 1811 512 1876 ipsius
550 1813 766 1871 materia,
804 1830 947 1863 secus
971 1830 1086 1861 vero
1128 1815 1167 1862 si
1209 1813 1385 1861 efficiat
1420 1822 1609 1861 tantum

187 1889 243 1927 ut
268 1891 547 1929 contractus
573 1881 686 1930 olim
712 1882 974 1945 legitimus,
1003 1886 1105 1944 jam
1137 1898 1232 1929 non
1259 1881 1321 1928 sit
1344 1881 1610 1944 legitimus.

259 1948 473 2012 047770..
505 1950 820 1997 Sacramenta
859 1967 997 1997 novae
1035 1950 1186 2013 Legis
1224 1949 1376 1997 tribus
1417 1949 1608 2013 perfici·

189 2025 354 2072 untur,
390 2016 607 2073 materia,
644 2017 799 2064 forma
834 2034 882 2066 et
940 2016 1200 2065 Ministro:
1253 2016 1388 2081 atqui
1437 2018 1611 2065 Matri-

186 2082 401 2131 monium
425 2084 577 2134 tribus
600 2084 692 2132 illis
717 2102 812 2133 non
837 2085 1118 2150 perfinitum-3
1153 2102 1287 2149 ergo,
1314 2090 1402 2134 &c.

254 2152 318 2200 R.
343 2169 389 2199 n.
411 2154 521 2202 min.
559 2153 830 2217 Responsio
855 2154 1041 2218 patebit
1067 2171 1128 2202 ex
1152 2154 1388 2210 dicendis.

256 2219 357 2282 obj.
397 2223 460 2277 80.
497 2221 755 2283 Mag-ister,
818 2222 1196 2280 Sententiarum,
1257 2221 1519 2271 Durandas
1555 2234 1607 2273 et

182 2288 399 2343 nonnulli
426 2289 701 2338 Canonistae
739 2290 919 2339 docent
966 2290 1331 2339 Matrimonium
1357 2307 1599 2341 annexam

185 2371 281 2406 non
318 2355 496 2405 habere
533 2357 774 2411 Gratiam„
808 2358 896 2407 SS.
951 2359 1180 2418 Thomas,
1243 2360 1600 2416 Bonaventura‚

190 2423 364 2472 Scotus
410 2426 699 2474 sententiam
737 2443 904 2475 eorum
949 2427 1030 2491 qui
1070 2427 1437 2477 Matrimonium
1475 2427 1602 2476 inter

184 2507 328 2540 novae·
346 2492 495 2556 Legis
521 2494 834 2544 Sacramenta
859 2506 1132 2552 recensent,
1159 2496 1397 2544 duntaxat
1423 2505 1475 2543 ut
1491 2512 1603 2559 pro-

183 2557 467 2609 babiliorem
496 2572 680 2611 tenent.
767 2564 923 2627 Igitur
950 2564 1083 2611 Trid.
1113 2564 1295 2629 Synod.
1320 2579 1415 2610 non
1443 2563 1601 2627 potuit

183 2627 272 2675 sub
305 2628 610 2679 anathemate
635 2631 836 2680 definire
878 2632 1244 2680 Matrimonium
1280 2649 1417 2679 novae
1450 2632 1599 2696 Legis

183 2710 288 2743 esse
316 2695 695 2748 Sacramentum.

256 2764 323 2811 R.
353 2767 412 2810 1⁰·
438 2782 538 2832 neg.
561 2784 736 2833 conseq.
823 2768 933 2816 Nec
958 2766 1084 2815 enim
1112 2785 1174 2816 ex
1201 2784 1466 2831 paucorum
1493 2767 1595 2831 opi-

182 2832 326 2880 nione
366 2832 641 2896 fDogmatis
690 2836 917 2888 catholici
960 2837 1139 2885 veritas.
1184 2837 1465 2884 aestimanda
1500 2847 1591 2892 est,

178 2900 264 2948 sed
290 2916 353 2948 ex
380 2902 618 2948 communi
647 2904 947 2960 Traditione,
985 2916 1037 2953 ut
1062 2913 1196 2969 patet
1222 2921 1284 2952 ex
1313 2914 1592 2952 controver-

179 2968 251 3017 sia
287 2968 349 3017 de
392 2967 640 3033 Baptismo
677 2973 737 3020 ab
779 2973 1038 3022 Haereticis
1081 2975 1276 3032 collato,
1315 2970 1593 3085 quemlEc-

1441 3055 1469 3092 c
1492 3054 1590 3088 esna
