1846 3250
550 169 646 219 DE
685 167 1179 218 MATRIMoNJo.
1215 149 1220 153 “
1479 167 1576 218 217

161 306 403 356 contraria
423 304 588 369 opinio
630 305 813 353 nullum
857 321 1052 368 prorsus
1093 303 1460 353 fundamentum
1495 302 1581 349 ha-

164 378 250 424 bet
284 377 383 424 sive
418 374 465 421 in
504 374 782 436 Scripturis‚
841 374 942 420 sive
984 373 1031 419 in
1070 372 1324 449 Operibus
1362 370 1449 419 SS.
1492 370 1582 418 Pa-

167 457 314 499 trum‚
348 443 396 489 in
423 441 751 490 Conciliorum
775 441 1037 488 Decretis·
1025 461 1037 496 ;
1075 441 1162 488 sed
1203 439 1351 503 gratis
1387 431 1580 487 omnino

170 520 385 560 asserunt
410 508 535 557 illius
561 509 858 557 Defensores
885 508 1148 566 Christum,
1186 507 1421 557 elevando
1469 522 1584 554 con-

170 589 376 627 tractum
414 577 750 625 connubialetn
799 576 873 624 *ad
923 576 1229 624 Sacramenti
1277 574 1582 638 dignitatem,

172 647 378 695 voluisse
412 657 464 693 ut
505 645 703 707 quilibet
746 654 1025 692 contractus
1063 643 1424 692 matrimonialis
1459 644 1585 691 inter

172 714 467 763 Christianos
516 713 661 760 initus
722 711 1022 760 Sacramenti
1081 712 1313 759 rationem
1357 711 1588 760 haberet.

172 785 236 830 2⁰·
297 782 484 831 Concil.
520 782 653 829 Trid.
708 797 823 829 sess.
882 783 962 827 24.
998 780 1060 827 de
1121 778 1338 827 Reform.
1393 795 1501 843 cap.
1543 783 1587 828 1.

173 866 404 913 expresse
452 849 667 898 declarat
740 848 1025 897 clandestina
1081 847 1391 903 matrimonia,
1447 848 1588 896 libero

175 918 540 967 contrahentium
592 933 813 967 consensu
849 917 1011 981 facta,
1064 924 1174 964 rata
1225 922 1268 963 et
1318 931 1431 963 vera
1475 933 1587 972 esse,

177 987 382 1051 quandiu
406 985 612 1034 Ecclesia
637 1003 689 1034 ea
715 986 855 1034 irrzta
888 1003 978 1032 non
1003 984 1147 1049 ficzt.
1239 982 1390 1045 Atqui
1427 992 1590 1035 tamen

174 1053 475 1101 matrimonia
517 1053 816 1101 clandestina
852 1069 960 1116 quae
1005 1063 1119 1100 ante
1163 1051 1436 1106 Concilium
1487 1050 1593 1098 Tri

176 1120 425 1169 deminum
446 1111 695 1169 celebrata
717 1130 842 1174 sunt,
889 1119 1189 1169 Sacramenti
1231 1121 1466 1168 rationem
1493 1134 1593 1165 non

175 1189 435 1246 habebant,
473 1206 582 1237 cum
607 1188 782 1237 fierent
821 1189 1024 1236 absente
1075 1188 1343 1236 Sacerdote
1367 1188 1470 1236 sine
1496 1204 1593 1251 quo

175 1267 303 1306 stare
337 1273 433 1305 non
472 1267 634 1321 potest
678 1256 979 1305 Matrimonii
1031 1256 1415 1314 Sacramentum,
1454 1260 1591 1317 cujus

176 1325 257 1376 ille
284 1335 357 1372 est.
384 1324 624 1380 Minister,
663 1336 715 1372 ut
757 1324 879 1372 infra
919 1325 1153 1372 dicemus.
1248 1324 1381 1388 Ergo
1429 1323 1595 1371 matri-

179 1393 392 1439 monium
419 1391 544 1441 inter
569 1392 866 1441 Christianos
892 1393 1051 1440 valere
1093 1402 1253 1457 potest
1293 1395 1344 1439 ut
1371 1402 1596 1440 contrac-

183 1472 278 1517 tus,
314 1461 430 1508 licet
455 1477 549 1508 non
576 1461 634 1508 sit
664 1461 1046 1509 Sacramentum.

245 1527 392 1577 Dices
446 1532 503 1576 1⁰·
542 1528 675 1576 Trid.
716 1545 834 1577 sess,
878 1531 957 1575 24.
1003 1546 1046 1577 c.
1093 1532 1136 1577 1.
1161 1528 1387 1576 declarat
1423 1526 1598 1585 Matri-

182 1596 394 1643 monium
432 1596 786 1661 baptizatorum
823 1612 929 1654 esse
970 1614 1088 1647 ‚vere
1125 1606 1165 1644 et
1199 1597 1390 1659 proprie
1428 1598 1599 1663 Sacra?

181 1672 394 1712 mentum.
489 1664 641 1727 Atqui
668 1664 800 1711 nulla
830 1674 903 1711 est
929 1664 1068 1719 rati0‚
1095 1664 1251 1726 inquit
1279 1664 1599 1720 Simonettus,

182 1732 308 1782 hanc
357 1732 561 1781 Concilii
620 1729 950 1793 definitionem
1010 1731 1351 1796 ad'quaedam
1410 1742 1599 1781 tantum

185 1799 564 1853 Christianorum
591 1799 894 1848 matrimonia
918 1800 1257 1862 restringendi.

249 1867 315 1914 R.
340 1868 447 1917 dist.
475 1885 579 1917 esse
604 1884 717 1917 vere
743 1868 1011 1931 et'proprie
1057 1869 1443 1924 Sacramentum,
1480 1884 1599 1931 quo·

181 1934 271 1983 ties
296 1935 603 1999 reperiuntur
628 1936 788 1982 omnia
830 1936 1060 1999 requisita
1102 1936 1163 1982 ad
1214 1937 1599 1993 Sacramentum,

184 2019 359 2066 nempe
403 2003 639 2051 Ecclesiae
683 2002 925 2060 Minister,
978 2003 1185 2052 intentio
1224 2004 1434 2051 faciendi
1470 2003 1603 2066 quod

185 2069 302 2117 facit
347 2070 585 2127 Ecclesia,
621 2088 744 2119 conc.
785 2087 944 2128 secuS,
982 2090 1084 2137 neg.
1178 2073 1349 2119 Porro·
1376 2072 1480 2120 fieri
1516 2088 1603 2135 po-

187 2147 282 2185 test
321 2149 372 2185 ut
416 2138 573 2202 posito
615 2151 869 2188 contractu
909 2139 1203 2196 connubiali,
1243 2139 1399 2188 desint
1440 2151 1604 2189 tamen

183 2205 441 2267 aliquando
478 2206 697 2270 quaedam
735 2207 795 2255 ad
853 2205 1227 2255 Sacramentum
1272 2208 1519 2271 requisita,
1557 2226 1602 2259 Y.

184 2290 232 2335 g.
268 2274 780 2331 Ecclesiae⁴Ministen
816 2274 1021 2323 intentio
1071 2276 1279 2324 faciendi
1317 2278 1445 2339 quod
1481 2277 1602 2324 facit

190 2341 427 2397 Ecclesia,
464 2341 584 2390 ritus
621 2344 680 2390 ab
720 2343 943 2392 Ecclesia
995 2344 1262 2404 institutus,
1323 2344 1478 2409 qualis
1531 2354 1605 2393 est

186 2409 725 2474 benedictionuptialis.

255 2478 396 2529 Dices
420 2479 496 2524 20·
540 2480 591 2527 Si
627 2489 906 2527 contractus
942 2478 1068 2527 inter
1106 2480 1403 2529 Christianos
1445 2497 1474 2529 a
1521 2481 1606 2530 Sa-

190 2560 436 2592 eramento
471 2548 683 2610 separari
718 2554 898 2611 posset,
935 2548 983 2594 id
1026 2549 1193 2595 saltem
1235 2549 1491 2611 aliquando
1520 2550 1606 2599 fie-

190 2623 281 2668 ret,
319 2611 414 2659 imo
439 2612 542 2661 fieri
565 2615 784 2663 deberet.
826 2633 870 2662 v.
906 2633 953 2678 g.
992 2628 1102 2662 cum
1146 2622 1378 2680 conjuges
1404 2617 1449 2663 in
1476 2628 1606 2667 statu

137 2689 146 2700 ²
190 2690 302 2728 sunt
338 2682 545 2742 peccati,
583 2700 682 2730 nec>
716 2683 922 2747 nuptias>
950 2683 1141 2731 differre
1185 2688 1361 2733 valent.
1455 2686 1606 2750 Atqui

191 2759 351 2795 tamen
378 2759 656 2799 contractus
694 2767 723 2799 a
766 2756 1082 2800 Sacramento
1125 2766 1369 2818 nunquam
1395 2754 1608 2819 separari

190 2825 366 2879 potest.
431 2867 433 2871 ,
554 2858 558 2860 ,
1632 2872 1634 2875 ¹

263 2883 321 2930 R.
360 2901 462 2949 neg.
481 2888 604 2950 maj.
644 2886 845 2947 Quilibet
882 2906 999 2937 emm
1053 2896 1251 2944 tenetur,
1306 2889 1459 2952 inquit
1498 2889 1610 2938 Col-

194 2951 336 3009 letus,
396 2952 618 3042 actionem
671 2972 805 3019 quam
866 2956 1080 3005 Christus
1132 2957 1504 3017 sacramentalem
1538 2958 1611 3005 in·

1441 3024 1606 3083 sti'luzt,
