1846 3250
569 167 661 216 DE
699 167 990 217 ORDINE.
1460 166 1525 215 47

106 305 273 368 ligare.
344 305 526 353 Merito
563 302 708 367 igitur
751 303 820 352 sic
858 303 1027 351 definit
1076 294 1523 351 Concssfridsssess.

107 376 189 422 23.
214 389 318 421 can.
348 378 390 421 1.
433 374 485 422 Si
507 374 608 439 quis
631 373 801 421 dixerit
830 373 1051 421 Ordinem
1076 372 1168 419 sive
1181 387 1361 418 sacram
1385 370 1525 417 Ordi-

105 443 333 491 nationem
376 457 465 490 non
508 458 601 489 esse
635 458 740 489 vere
775 449 819 489 et
860 440 1053 506 proprie
1098 441 1445 487 Sacramentum
1494 454 1523 484 a

118 511 305 558 Christo
330 510 608 564 institutum,
644 509 891 556 anathema
916 509 991 556 sit.
1236 547 1243 556 ,

173 577 393 627 Christus
419 590 577 625 autem
623 576 913 624 Sacerdotes
956 573 1164 623 instituit
1201 584 1302 622 tum
1329 572 1522 637 quando

103 647 245 696 Joan.
271 647 350 692 20.
380 646 535 693 dixit:
573 644 744 710 Accipe
783 646 1008 709 Spiritum
1055 647 1290 700 Sanctum,
1330 660 1522 707 quorum

103 715 372 763 remiseritis
413 722 616 780 peccata,
654 713 732 774 Ssc.
769 722 871 761 tum
915 711 1108 775 quando
1146 711 1269 759 LuC.
1296 713 1375 757 ⁶2⁶2.
1413 719 1524 774 post

100 782 316 830 ultimam
345 799 532 830 coenam
558 782 630 829 his
655 781 812 829 verbis
841 781 1107 845 Apostolos
1150 780 1392 826 allocutus
1430 789 1521 833 est,

103 850 185 899 hoc
198 851 358 914 jacite
382 851 431 898 in
456 867 600 899 meam
628 851 1112 898 commemorationem.
1182 849 1428 901 Quantum
1456 848 1520 893 ad

101 919 221 966 alios
264 918 473 966 Ordines
519 917 790 966 sacerdotio
842 918 1093 966 inferiores
1143 916 1225 979 qui
1262 932 1290 964 a
1327 914 1522 963 Christo

102 986 301 1034 fuerunt
326 986 547 1043 instituti,
585 997 788 1035 censent
822 987 969 1050 vulgo
996 983 1237 1047 Theologi
1264 1000 1346 1032 eos
1371 982 1523 1030 fuisse

99 1054 281 1118 'pariter
323 1054 368 1101 in
412 1055 578 1102 ultima
617 1071 753 1102 coena
793 1055 1054 1111 institutos,
1094 1052 1204 1117 quia
1244 1052 1522 1100 referuntur

101 1122 162 1169 ad
184 1121 535 1171 Eucharistiam
559 1140 666 1186 quae
686 1133 801 1171 tunc
820 1123 1041 1171 instituta
1057 1133 1148 1182 est,
1168 1137 1224 1169 ac
1251 1120 1519 1169 eminenter

98 1190 147 1237 in
171 1190 445 1240 sacerdotio
470 1191 781 1240 continentur

508 1329 744 1378 CAPUT
788 1328 1098 1378 SEXTUM.
1138 1376 1139 1379 ,

352 1467 432 1515 De
468 1452 697 1514 Ministro
736 1453 1027 1515 Sacramenti
1064 1463 1270 1512 Ordinis.

166 1601 590 1651 OBSERVANDUM
619 1610 691 1649 est
716 1600 961 1664 duplicem
987 1598 1219 1663 distingui
1253 1615 1394 1664 posse
1415 1600 1517 1651 [Or-

103 1668 225 1717 dinis
251 1670 546 1728 Ministrum,
584 1670 876 1718 ordinarium
915 1669 994 1732 qui
1037 1686 1101 1717 ex
1127 1667 1284 1716 officio
1309 1678 1358 1716 et
1383 1667 1517 1716 insti-

100 1736 288 1786 tutione
315 1739 508 1797 Christi,
545 1737 983 1787 extraordinarium
1009 1737 1090 1803 qui
1117 1753 1180 1785 ex
1206 1736 1518 1802 delegatione

104 1804 342 1854 Ecclesiae
367 1807 588 1856 confiscit
615 1806 1001 1855 Ordinationem.

91 1876 93 1878 “
171 1874 272 1922 Hic
297 1887 518 1924 movetur
545 1875 745 1939 quaestio
771 1873 832 1922 de
860 1874 1089 1922 Ministro
1125 1884 1227 1921 tum
1276 1872 1518 1920 ordinario

93 1943 203 1989 'tum
246 1943 631 1992 extraordinario
680 1942 780 1990 sive
815 1958 1062 1990 sacrorum
1100 1942 1199 1989 sive
1235 1940 1516 1989 inferiorum

103 2009 380 2059 Ordinum:
416 2022 578 2058 utrum
617 2026 793 2073 nempe
836 2011 966 2058 solus
993 2009 1260 2073 Episcopus
1303 2009 1371 2057 ita
1404 2013 1516 2071 jure

104 2076 265 2125 divino
290 2079 350 2127 sit
373 2079 597 2127 Minister
624 2078 954 2127 ordinationis
981 2078 1245 2136 institutus,
1284 2089 1337 2126 ut
1359 2077 1516 2125 Praes·

102 2146 262 2210 byteri
286 2163 530 2212 nunquam
557 2147 617 2194 ad
643 2146 691 2194 id
716 2146 927 2195 muneris
952 2146 1175 2211 deputari
1202 2145 1402 2210 possint.

92 2224 94 2227 ’
169 2215 437 2271 Lutherani
465 2227 514 2263 et
540 2215 805 2264 Calviniani
839 2216 1143 2264 contendunt
1171 2219 1251 2277 jus
1288 2231 1383 2262 non
1409 2225 1515 2261 tan-

102 2292 205 2330 tum
233 2283 461 2348 eligendi,
498 2283 582 2331 sed
609 2283 751 2331 etiam
778 2283 1060 2332 instituendi
1090 2295 1238 2347 atque
1264 2282 1518 2330 ordinandi

102 2367 430 2417 quoscumque
448 2351 685 2400 Ecclesiae
711 2350 976 2408 Ministros,
998 2368 1147 2415 penes
1164 2352 1410 2415 'Populum
1432 2361 1517 2397 aut

98 2419 354 2483 'politicum
380 2419 723 2485 Magistratum
751 2436 872 2469 esse.
945 2420 1090 2469 Unde
1116 2419 1153 2467 si
1180 2436 1347 2467 manus
1370 2418 1517 2465 Mini-

90 2487 210 2537 'stris
260 2489 485 2537 Pastores
533 2501 698 2537 eorum
747 2489 1016 2553 imponunt,
1060 2505 1155 2535 non
1205 2500 1364 2535 autem
1413 2496 1519 2534 tota

102 2555 377 2613 multitudo,
412 2557 462 2605 id
485 2557 539 2604 fit
563 2573 657 2604 non
685 2556 884 2606 defectu
911 2555 1214 2605 auctoritatis
1239 2555 1287 2602 in
1309 2555 1516 2619 Populo,

91 2622 187 2669 ‘sed
213 2635 264 2672 ut
289 2624 505 2673 confusio
531 2624 789 2672 devitetur.
860 2626 1044 2674 Contra
1078 2624 1323 2672 Catholici
1347 2639 1513 2670 ornnes

101 2702 320 2740 asserunt
345 2694 472 2741 solos
499 2692 766 2757 Episcopos
792 2692 1058 2741 ordinarios
1100 2708 1206 2741 esse
1247 2708 1397 2740 sacrae
1424 2692 1516 2738 Or-

109 2756 365 2807 dinationis
391 2760 658 2809 Ministros.

174 2826 254 2873 De
313 2827 539 2876 Ministro
562 2864 568 2868 -
607 2828 991 2877 extraordinario
1056 2827 1328 2892 disputatur
1394 2826 1521 2872 inter

108 2893 403 2957 Tlieologos.
476 2896 592 2942 Ahi·
617 2908 981 2962 negant-posse
1020 2896 1224 2960 simplici
1266 2892 1522 2944 Sacerdoti

105 2962 310 3011 concedi
350 2963 595 3012 licentiam
642 2965 924 3015 conferendi
962 2964 1120 3014 valide
1164 2964 1374 3012 Ordines
1421 2959 1520 3007 sive

1353 3044 1518 3076 sacros
