1846 3250
603 197 699 247 DE
735 200 793 248 M
798 188 1424 248 ATR1MON10.·
1539 188 1638 248 2‘09

225 349 320 382 non
347 345 627 383 tenerentur
652 334 856 398 diligere
883 350 1061 395 uxores
1097 349 1224 390 suas,
1260 330 1385 378 sicut
1413 327 1637 377 Christus

221 402 397 451 dilexit
424 402 710 480 Ecclesiam,
750 419 808 449 eo
846 403 976 465 quod
1003 399 1367 449 Matrimonium
1410 397 1472 445 sit
1506 411 1641 473 mag-

223 487 338 517 num
379 471 568 533 signum
612 470 796 518 unionis
858 469 1035 518 Christi
1088 485 1197 516 cum
1250 466 1487 521 Ecclesia,
1546 463 1638 512 nisi

221 537 392 586 Gratia
416 549 465 586 et
490 539 686 616 quidem
713 537 954 586 uberrima
972 537 1087 584 huic
1112 535 1250 599 signo
1272 545 1397 583 esset
1416 548 1637 588 annexa3

221 606 335 669 quia
373 607 533 670 sponsi
559 606 661 655 sine
688 605 860 655 Gratia
894 615 945 652 et
969 604 1162 667 quidem
1211 603 1453 650 uberrima
1488 611 1636 649 tantae

220 673 468 722 charitatis
496 691 591 722 non
629 684 788 724 essent
813 689 1036 737 capaces.
1106 672 1240 734 Ergo
1270 668 1638 717 Matrimonium

218 752 363 805 prout
388 743 576 806 signum
604 753 676 792 est
713 742 901 791 unionis
929 738 1107 790 Christi
1135 756 1244 786 cum
1276 738 1517 791 Ecclesia,
1554 753 1639 784 an-

220 825 398 858 nexam
440 811 587 860 habet
618 811 856 870 Gratiam,
892 826 980 858 seu
1019 818 1093 857 est
1136 806 1321 855 Gratiae
1370 806 1542 854 efficax
1586 815 1638 853 et

213 878 582 941 productivum.

290 950 370 994 30·
409 947 608 1011 Signum
636 946 755 995 illud
779 963 807 995 a
833 944 1010 996 Christi
1036 942 1341 993 institutione
1365 943 1514 990 habet
1538 958 1635 989 non

221 1013 377 1061 solum
402 1015 533 1078 quod
558 1015 799 1078 significet
828 1015 956 1062 illius
983 1030 1094 1061 cum
1121 1010 1346 1061 Ecclesia
1389 1009 1634 1065 unionem,

216 1081 306 1129 sed
331 1082 475 1130 etiam
501 1084 632 1147 quod
657 1083 878 1131 conferat
897 1082 1116 1130 Gratiam
1143 1097 1239 1145 qua
1264 1084 1496 1143 conjuges
1528 1093 1635 1125 sese

210 1160 386 1197 mutuo
428 1150 509 1198 dili
515 1161 631 1215 gant
673 1167 731 1200 ea
774 1150 1013 1199 charitate
1052 1166 1145 1212 qua
1191 1147 1412 1199 Christus
1462 1147 1636 1194 dilexit

218 1217 508 1267 Ecclesiam.
577 1220 699 1268 Cum
726 1221 852 1268 enim
879 1228 1070 1268 constet
1090 1218 1209 1266 illud
1238 1233 1332 1265 non
1358 1216 1634 1293 producere

219 1285 437 1333 Gratiam
465 1303 527 1335 ex
554 1304 621 1344 se,
647 1288 803 1336 solum
829 1287 977 1351 igitur
1000 1287 1048 1333 id
1074 1286 1220 1334 habet
1243 1301 1306 1333 ex
1332 1284 1635 1332 institutione

220 1362 272 1401 et
297 1354 599 1403 ordinatione
626 1356 804 1404 Christi
843 1355 923 1419 qui
957 1365 1032 1403 est
1075 1354 1287 1401 omnium
1322 1369 1459 1400 novae
1484 1350 1635 1414 Legis

219 1421 643 1471 Sacramentorum
669 1424 936 1472 Institutor.
982 1427 1013 1450 ‘⁶
1041 1421 1462 1476 Quemadmodum
1489 1419 1639 1483 igitur

214 1493 250 1517 “
279 1490 516 1548 Christus,
554 1491 1025 1556 inquit·Theologus
1068 1490 1366 1545 Parisiensis,
1404 1489 1633 1535 virtutem

217 1560 250 1583 “
275 1558 587 1620 poenitentiae,
624 1576 732 1623 quae
759 1559 804 1605 in
826 1561 956 1607 omni
981 1568 1110 1606 statu
1135 1558 1280 1621 lapsis
1299 1557 1388 1604 fuit
1408 1571 1630 1604 necessa·

215 1629 249 1652 “
274 1625 359 1684 ria,
398 1627 561 1676 evexit
586 1628 647 1674 ad
679 1628 978 1675 Sacramenti
1005 1627 1321 1690 dignitatem:
1361 1625 1430 1671 ita
1456 1623 1633 1670 Matri-

212 1697 247 1720 “
273 1695 484 1743 monium
511 1695 642 1759 quod
665 1697 725 1744 ab
753 1695 945 1743 Adamo
965 1695 1027 1743 ad
1052 1699 1153 1756 ejus
1176 1709 1330 1758 usque
1366 1692 1631 1740 adventum

213 1762 248 1788 “
273 1761 430 1811 fuerat
472 1762 660 1826 signum
698 1762 767 1812 rei
809 1779 975 1821 sacrae,
1013 1779 1189 1826 nempe
1226 1762 1404 1809 futurae
1442 1759 1631 1807 unionis

212 1833 246 1856 “
275 1830 452 1879 Christi
496 1848 606 1879 cum
641 1831 881 1889 Ecclesia,
919 1848 1049 1879 novo
1082 1847 1139 1878 ac
1176 1829 1440 1893 angustiori
1483 1827 1630 1875 modo

210 1897 477 1947 “instituit
518 1900 708 1962 signum
750 1916 849 1947 suae
891 1898 1245 1961 conjunctionis
1281 1908 1491 1960 peractae
1518 1912 1629 1961 cum

211 1968 244 1992 “
272 1966 514 2023 Ecclesia,
561 1976 611 2015 et
657 1967 772 2014 huic
819 1967 959 2031 signo
1006 1966 1226 2014 Gratiam
1274 1963 1489 2029 alligavit
1534 1979 1632 2028 qua

216 2036 249 2060 “
275 2034 436 2096 sponsi
462 2034 875 2082 sanctificantur.''

283 2102 397 2149 Scio
422 2103 598 2151 multos
626 2103 904 2167 Theologos
948 2101 1226 2152 existimare
1270 2116 1332 2152 ex
1366 2100 1629 2165 Scripturis

210 2168 323 2217 solis
372 2170 632 2220 efficaciter
677 2187 773 2219 non
825 2187 967 2234 posse
1016 2171 1211 2235 probari
1254 2169 1625 2218 Matrimonium

212 2236 536 2286 Sacramentis
577 2255 682 2287 esse
707 2241 1137 2296 annumerandum,
1176 2256 1269 2287 nec
1293 2239 1386 2286 illis
1411 2238 1627 2287 arridere

207 2306 541 2383 probationem
576 2323 638 2355 ex
667 2307 849 2372 Ephes.
877 2313 925 2356 5.
966 2307 1287 2372 desumptam.
1362 2306 1444 2355 Ad
1486 2306 1627 2354 nobis

208 2373 347 2422 aliter
387 2374 539 2422 visum
580 2370 669 2434 est,
705 2392 798 2424 nec
831 2376 1108 2437 judicamus
1151 2375 1475 2425 deserendum
1520 2390 1627 2423 esse

206 2439 336 2489 istud
377 2453 733 2507 argumentum,
771 2460 882 2492 cum
923 2445 1092 2492 Patres
1129 2443 1402 2492 Tridentini
1444 2458 1504 2491 eo
1546 2443 1621 2489 usi

214 2506 393 2557 fuerint
432 2528 548 2560 sess.
588 2515 668 2560 24.
710 2512 771 2560 de
814 2512 1145 2570 Matrimonio,
1183 2528 1290 2575 cap.
1333 2511 1495 2566 unico,
1542 2510 1627 2558 ubi

208 2577 279 2626 sic
303 2577 593 2649 loquuntur:
631 2582 854 2630 Gratiam
893 2597 1002 2635 vero
1036 2597 1146 2644 quoe
1180 2579 1449 2627 naturalem
1486 2578 1627 2626 illum

207 2661 411 2692 amorem
406 2642 673 2709 perficeret
677 2684 798 2697 ......
828 2649 1141 2711 conjuyesque
1163 2648 1497 2713 sanetfiearet,
1528 2648 1627 2709 ipse

218 2712 438 2760 Christus
460 2716 797 2764 venerabilium
826 2716 1247 2764 Sacramentorum
1272 2717 1527 2764 Institutor
1551 2724 1623 2761 at-

206 2797 297 2843 que
324 2781 573 2846 Perfector,
609 2801 698 2832 sua
729 2785 864 2832 nobis
887 2786 1115 2847 passione
1145 2785 1451 2864 promeruit;
1491 2783 1625 2846 qaod

204 2848 397 2897 Paulus
421 2847 678 2912 Apostolus
701 2854 860 2900 annuit
882 2853 1077 2900 dicens:
1115 2855 1212 2899 vzrz'
1235 2852 1421 2914 diliyz‘te
1452 2867 1622 2897 uxores

202 2925 382 2964 vestras
405 2918 528 2965 sicut
548 2926 591 2966 et
620 2918 836 2969 Christus
859 2921 1027 2968 dilexit
1048 2920 1354 2968 Ecclesiam·
1334 2941 1354 2977 ‚·
1391 2928 1433 2966 et
1456 2925 1618 2965 semet-

202 2987 359 3049 ipsum
392 2987 596 3034 tradedit
607 3003 703 3051 pro
726 3004 794 3036 ea.
821 2988 941 3036 Mox
962 2989 1286 3052 subjunyens:
1333 2987 1623 3036 Sacramen-

1523 3061 1618 3101 tum
