1846 3250
0 0 778 23 ‚3--·---9·-avu---·····--sv·-··--·······-'·-“---·-·-⁷--**r-ww
801 0 813 2 ‘⁷

271 163 370 215 278
451 150 454 151 ’
766 158 1194 214 TRACTATUs

272 303 368 337 nec
416 287 542 335 ultra
587 284 889 350 procedere;
928 301 1038 334 eum
1097 285 1282 333 nullum
1332 286 1688 339 matrimonium

273 355 364 404 nisi
404 354 466 401 de
508 363 765 417 parentum
791 368 1031 401 consensu
1056 353 1292 401 celebrari
1325 354 1488 403 liceat.
1558 356 1692 406 Hinc

268 439 397 472 anno
423 437 570 484 supra
600 430 872 469 memorato
896 421 1155 468 rescissum
1192 431 1266 469 est.
1306 438 1336 479 a
1369 423 1515 471 Curia
1553 424 1687 471 Pari·

269 488 417 538 siensi
443 488 801 537 matrimonium
826 487 911 534 filii
936 504 1034 535 non
1058 489 1281 536 obstante
1316 489 1498 537 verbali
1525 491 1690 540 matris

267 555 621 607 intercessione
672 556 988 606 celebratum.
1072 556 1319 603 Caeterum
1356 557 1440 604 abs
1488 573 1541 605 re
1590 575 1691 607 non

271 625 365 674 erit
390 623 470 671 hic
496 632 730 672 annotare
766 632 967 679 tutores,
1003 621 1043 669 si
1078 623 1228 669 semel
1267 624 1561 686 pupillorum
1588 642 1688 674 ma-

267 690 496 740 trimonio
520 688 584 738 ex
611 691 813 741 consilio
838 700 1158 752 cognatorum
1196 691 1545 749 consenserint,
1587 709 1686 742 non

266 775 413 823 posse
458 758 618 808 eidem
667 757 972 806 matrimonio
1018 766 1189 820 postea
1236 757 1511 825 obsistere,
1540 764 1688 823 juxta

266 828 396 875 hanc
420 826 640 889 regulam
665 825 825 873 Juris:
861 823 910 870 in
949 823 1146 871 alterius
1185 823 1408 888 injuriam
1447 817 1687 876 nonlicet

264 893 469 952 variare,
506 903 559 941 ut
597 892 855 956 poenitere,
893 901 943 940 et
965 891 1222 954 probatum
1263 884 1540 955 reprobare.
1609 894 1687 943 Ita

265 960 584 1012 constitutum
610 971 685 1008 est
711 962 917 1010 Arresto
948 974 1188 1024 supremae
1215 960 1375 1007 Curiae
1403 959 1688 1011 Parisiensis

265 1044 345 1077 an.
373 1032 518 1079 1654.
1476 1090 1479 1091 7
1681 1088 1683 1092 Α

333 1097 415 1142 30·
451 1096 714 1157 Postquam
742 1092 983 1159 oppositio
1027 1093 1318 1157 opponentis
1356 1095 1681 1159 chirographo

266 1163 455 1212 munita
489 1163 584 1216 fuit
625 1173 676 1209 et
717 1179 804 1225 per
849 1161 1193 1225 Apparitorem
1234 1161 1456 1212 Parocho
1502 1163 1684 1227 signifi->

266 1241 392 1286 eata,
441 1240 526 1288 aut
573 1229 824 1282 Parochiae
871 1228 1087 1293 registris
1132 1229 1381 1291 inscripta,
1431 1239 1486 1276 ut
1532 1230 1587 1278 fit
1633 1232 1682 1278 in

266 1296 557 1360 quibusdam
607 1296 932 1352 Dioecesibus‚
993 1296 1142 1343 debet
1191 1295 1440 1343 Parochus
1490 1306 1682 1353 contra-

264 1364 440 1417 hentes
464 1378 681 1419 monere,
720 1363 887 1427 eisque
934 1362 1241 1410 instrumenti
1288 1363 1377 1410 sibi
1425 1363 1685 1426 significati

265 1432 544 1508 exemplum
589 1430 771 1495 (copie)
818 1429 1028 1486 tradere,
1089 1445 1185 1492 quo
1231 1430 1322 1477 sibi
1380 1431 1684 1494 provideant.

268 1502 340 1547 At
378 1499 533 1562 ipsum
576 1497 931 1561 autographum
975 1497 1024 1559 (l
1029 1496 1260 1561 original)
1315 1499 1488 1545 sedulo
1546 1499 1681 1576 apud

263 1581 316 1613 se
340 1581 628 1613 conservare
651 1565 819 1622 debet,
857 1580 918 1610 au
946 1565 1118 1612 saltem
1155 1580 1250 1609 non
1295 1565 1506 1623 tradere,
1544 1566 1678 1629 quin,

264 1643 318 1682 nt
367 1631 520 1688 aiunt,
569 1633 792 1697 recepisse
837 1630 963 1678 illius
1006 1623 1289 1686 obtinuerit,
1327 1648 1423 1695 quo
1449 1633 1681 1682 traditum

261 1699 411 1749 fuisse
437 1708 646 1754 constet.

332 1770 413 1813 40·
452 1764 682 1818 Quandiu
743 1773 837 1812 stat
902 1763 1161 1828 oppositio,
1222 1764 1472 1813 Parochus
1510 1783 1680 1815 manus

261 1834 412 1883 habet
434 1832 626 1895 ligatas,
663 1847 755 1878 nec
781 1831 930 1880 debet
955 1831 1157 1879 ulterius
1177 1833 1463 1896 procedere,
1512 1850 1681 1895 quam-

263 1900 335 1948 vis
374 1901 477 1947 haee
515 1899 604 1962 ipsi
635 1899 779 1946 *mala
820 1915 879 1946 ac
915 1898 1154 1946 malitiosa
1177 1899 1439 1950 videretur,
1507 1901 1681 1949 Matri-

259 1967 474 2015 monium
516 1977 696 2024 tamen,
748 1975 907 2014 stante
955 1966 1322 2023 intercessione,
1376 1968 1675 2018 celebratum

258 2051 358 2082 non
397 2033 510 2081 ideo
553 2044 627 2081 est
659 2032 867 2085 nullum,
902 2031 1001 2085 nisi
1033 2033 1245 2084 adfuerit
1274 2028 1678 2111 impedimentum

261 2102 507 2151 dirimens.
579 2100 678 2156 Sed
706 2100 955 2148 Parochus
993 2101 1074 2164 qui
1099 2116 1240 2154 suum
1266 2102 1582 2150 ministerium
1613 2101 1677 2151 ad

259 2157 497 2230 ejusmodi
514 2160 899 2217 celebrationem
934 2168 1287 2225 commodaret,
1312 2180 1544 2232 peccaret
1567 2185 1677 2234 gra-

258 2236 398 2292 viter,
440 2235 696 2299 poenisque
735 2224 1054 2287 mulctaretur
1096 2234 1142 2281 in
1184 2236 1528 2284 Tribunalibus
1570 2248 1674 2286 tum

261 2302 607 2368 ecclesiasticis
650 2312 764 2348 tum
803 2300 1038 2351 civilibus,
1133 2302 1351 2352 Peccant
1400 2319 1594 2366 quoque
1642 2304 1674 2349 ii

259 2386 354 2434 que
401 2370 450 2417 in
497 2369 631 2417 hisce
674 2367 1048 2424 circumstantiis
1089 2368 1443 2418 matrimonium
1481 2380 1673 2418 contra·
1700 2382 1705 2386 “

259 2439 400 2487 liunt

327 2508 409 2551 50·
448 2504 557 2566 Nec
601 2502 823 2561 Parocho
858 2501 1110 2565 solventur
1147 2518 1318 2551 manus
1353 2518 1442 2566 per
1481 2504 1672 2553 Judicis

260 2571 562 2625 Sententiam
587 2585 685 2647 qua
707 2570 997 2623 intercessor
1036 2585 1066 2617 a
1104 2585 1191 2617 sua
1214 2570 1562 2634 intercessione
1587 2572 1672 2621 de-

249 2644 411 2701 jectus
435 2638 513 2696 sit,
551 2638 641 2684 nisi
660 2637 840 2685 fuerit
827 2636 918 2699 ipsi
943 2636 1034 2685 rite
1058 2636 1344 2713 s1gnificata.
1417 2638 1542 2686 Nam
1569 2638 1672 2686 fieri

259 2706 420 2768 potuit
446 2714 497 2761 ut
523 2705 583 2760 ab
622 2720 681 2756 ea
708 2703 962 2760 Sententia
1000 2704 1064 2764 ad
1105 2705 1401 2767 superiorem
1440 2704 1670 2768 ⁸,Iudicem

254 2772 512 2834 interjecta
533 2771 683 2818 fuerit
717 2771 996 2835 appellatio.
1200 2768 1203 2769 ⁷

327 2842 408 2887 60·
447 2837 497 2886 Si
539 2847 616 2885 res
657 2839 873 2886 nondum
914 2838 976 2886 ad
1010 2837 1168 2885 forum
1205 2836 1562 2899 contendosum
1588 2838 1675 2887 de·

257 2905 404 2956 ducta
429 2915 519 2967 est,
556 2905 731 2968 suflicit
769 2906 831 2964 ad
855 2904 1146 2965 matrimonii
1183 2905 1560 2961 celebrationem
1585 2916 1668 2958 aut

1400 2973 1666 3021 bannorum
