1846 3250
627 186 723 235 DE
763 185 1055 235 ORDINE.
1488 187 1552 232 39

136 326 370 374 Admoneo
411 332 472 380 te,
529 321 685 386 inquit
735 323 914 370 Paulus
964 323 996 368 2
1039 319 1164 368 Tim.
1212 329 1262 369 ut
1308 320 1549 372 resuscites

136 394 351 442 Gratiam
383 394 475 441 Dea·
499 408 603 457 quoe
628 399 694 439 est
718 392 764 439 in
790 399 836 440 te
857 408 940 455 per
963 389 1302 454 impositionum
1327 407 1547 438 manuam

135 477 353 509 mearum.
426 452 570 509 Unde
606 460 676 507 sic
712 475 895 522 arguo:
933 458 1013 504 ille
1059 458 1198 504 Ritus
1241 467 1314 505 est
1350 460 1551 514 materia

136 528 481 586 Ordinationis‚
520 527 601 591 qui
627 528 719 574 vim
747 527 894 575 habet
929 526 977 572 in
1010 541 1069 573 eo
1099 526 1415 573 Sacramento
1441 543 1552 590 pro-

134 596 345 644 ducendi
375 597 623 645 Gratiam:
660 596 794 659 atqui
819 593 925 643 talis
952 604 1024 643 est
1049 609 1278 642 manuum
1304 595 1549 658 impositio

136 681 199 713 ex
230 665 278 713 S.
306 665 491 720 Paulo;
528 681 662 728 ergo,
699 669 786 711 &c-

202 734 280 779 20.
343 734 417 781 Ex
458 732 689 781 concordi
715 731 927 780 omnium
956 730 1290 779 Ecclesiarum
1315 730 1550 794 loquendi

135 803 507 850 consuetudine.
581 802 695 864 Qua
734 800 860 848 enim
904 800 966 848 de
1011 816 1177 861 causa,
1211 799 1368 863 inquit
1399 800 1557 848 Vitas-

134 872 250 925 siuS,
288 881 388 918 tum
434 869 564 934 apud
602 872 802 917 Graecos
841 879 889 916 et
939 868 1232 924 OrientaleS,
1272 878 1374 914 tum
1419 869 1554 931 apud

136 937 338 986 Latinos
359 940 416 986 ab
435 938 562 986 omni
588 954 690 985 aevo
707 937 907 985 invaluit
933 949 983 984 ut
1008 937 1313 1000 impositionis
1338 954 1556 985 manuum

139 1014 183 1055 et
229 1005 514 1056 keirotonias
560 1007 742 1054 nomine
787 1021 925 1054 sacra
974 1005 1230 1052 Ordinatio
1279 1015 1554 1061 vocaretur,

139 1074 544 1137 quemadmodum
570 1074 682 1121 olim
705 1074 993 1128 monuimus,
1043 1072 1130 1120 nisi
1155 1072 1285 1137 quod
1313 1090 1375 1121 ex
1395 1076 1555 1136 Apos-

138 1143 247 1192 tolis
273 1155 320 1191 et
346 1143 614 1207 apostolica
640 1142 924 1190 Traditione
949 1140 1235 1189 didicissent
1260 1141 1306 1187 in
1343 1142 1434 1189 ista
1460 1157 1561 1189 rna-

136 1228 287 1259 nuum
313 1211 622 1276 impositione
650 1210 1019 1259 Ordinationem
1048 1225 1153 1257 esse
1180 1210 1551 1258 collocandam?

206 1285 268 1329 3·
308 1280 387 1327 Ex
427 1278 713 1328 testimoniis
760 1280 847 1327 SS.
874 1280 1090 1335 Parrum,
1129 1278 1210 1341 qui
1239 1278 1458 1326 Gratiam
1496 1294 1556 1325 ac

136 1357 428 1411 potestatem
495 1349 545 1394 in
592 1347 912 1396 Ordinatione
964 1356 1214 1410 receptam
1260 1346 1555 1410 impositioni

138 1432 365 1464 manuum
393 1414 689 1463 adscribunt.

208 1485 257 1531 S.
284 1484 514 1547 Ephrem.
549 1484 610 1530 de
640 1481 926 1531 Sacerdotio
966 1480 1036 1530 sic
1073 1482 1251 1530 habet:
1293 1483 1555 1548 Opotestas

136 1551 427 1617 itzqffabilibis
444 1568 548 1617 quae
572 1552 619 1600 in
641 1551 769 1598 nobis
792 1550 1025 1615 dignitato
1043 1559 1107 1598 est
1131 1550 1342 1598 habitare
1362 1568 1447 1615 per
1471 1552 1554 1598 im-

132 1620 405 1685 positionem
432 1635 648 1667 manuum
673 1634 911 1666 sacrarum
940 1619 1237 1674 Sacerdotum
1260 1614 1283 1664 J
1319 1623 1322 1625 ’

209 1689 260 1736 S.
310 1687 611 1744 Ambrosius,
648 1686 758 1734 Lib.
802 1686 863 1733 de
912 1686 1170 1750 Dignitate
1229 1686 1552 1735 sacerdotali:

146 1757 297 1806 Homo
317 1773 478 1803 manus
500 1756 707 1821 imponit,
734 1763 778 1803 et
796 1754 1161 1820 Dea-elargitur
1187 1755 1418 1803 Gratiam.

209 1825 257 1872 S.
286 1824 616 1888 Hieronymus
657 1823 704 1869 in
755 1839 862 1887 cap.
888 1823 1116 1877 5.1saiae,
1154 1822 1219 1870 ait
1257 1839 1353 1886 per
1386 1841 1550 1875 manus

137 1893 468 1958 impositionem
502 1890 686 1954 impleri
726 1891 805 1939 sea
828 1890 987 1950 confici
1014 1891 1383 1938 Ordinationern.

183 2015 185 2018 Α
209 1961 256 2007 S.
280 1962 490 2023 August.
515 1975 656 2007 serm.
682 1960 727 2005 2.
771 1958 947 2006 Caeteri
970 1976 1061 2007 non
1085 1959 1282 2007 aderant
1314 1958 1556 2008 Ordinati-

143 2029 222 2075 oni
244 2028 356 2090 ejus,
393 2028 578 2092 quando
603 2043 765 2073 manus
791 2025 833 2074 ei
856 2027 1067 2091 imposita
1086 2034 1166 2081 est.

209 2096 257 2142 S.
284 2095 552 2158 Gregorius
602 2095 845 2157 MagnuS,
883 2095 1032 2142 Hom.
1062 2097 1137 2145 17.
1179 2094 1225 2141 in
1266 2095 1551 2159 Evangelia,

141 2164 259 2212 dicit
292 2181 376 2229 per
415 2179 634 2211 manuam
673 2163 1009 2228 impositionem
1056 2163 1284 2229 Spiritum
1309 2168 1552 2227 >Sanctum

141 2232 317 2280 coelilus
342 2232 465 2278 (lari.
775 2284 777 2286 r

209 2305 274 2347 50·
313 2301 388 2346 Ex
410 2298 597 2347 Concil.
622 2299 754 2345 Trid.
773 2298 903 2362 quod
922 2303 1038 2347 sess.
1064 2303 1139 2350 14.
1165 2316 1418 2363 exponens
1445 2301 1554 2364 qui-

137 2385 251 2419 nam
297 2369 391 2421 sint
444 2367 654 2414 Ministri
700 2367 949 2414 Extremae
998 2366 1271 2429 Unctionis,
1330 2369 1396 2415 ait
1446 2385 1553 2416 esso

142 2435 432 2490 Sacerdotes
458 2437 517 2483 ab
558 2435 812 2498 Episcopis
848 2435 1085 2484 ordinatos
1105 2452 1192 2501 per
1216 2435 1554 2499 impositionem

140 2520 359 2552 manuam
391 2503 700 2568 praesbyterii.
767 2502 924 2566 Igitur
949 2518 1117 2551 manus
1141 2502 1557 2570 impositio-Ordi-

141 2582 383 2619 nationem
411 2582 677 2619 constituit.
1337 2632 1339 2634 Ι

211 2643 274 2685 6⁰·
314 2640 390 2687 E‘x
417 2639 734 2687 consensione
774 2638 986 2686 omnium
1028 2637 1556 2703 FereTheologorum.

141 2705 206 2761 Iis
239 2716 287 2753 et
312 2707 413 2754 aliis
438 2706 669 2754 similibus
702 2707 987 2755 testimoniis
1025 2717 1183 2756 motus
1211 2708 1461 2756 Habertus
1504 2710 1553 2755 in

141 2774 474 2829 observatione
512 2777 542 2820 2
583 2774 644 2822 ad
681 2774 967 2824 Pontificale
1001 2774 1304 2834 Graecorum,
1340 2777 1554 2840 graviter

141 2842 298 2904 carpit
341 2842 666 2903 Scholasticos
709 2842 790 2906 qui
834 2842 880 2889 in
917 2844 1168 2907 problema
1203 2855 1453 2893 verterunt
1490 2861 1552 2891 an

140 2911 309 2955 manus
335 2909 572 2971 impositio
596 2910 656 2958 sit
674 2910 941 2970 essentialis
975 2910 1023 2958 in
1041 2911 1377 2971 Ordinatione‚
1416 2912 1553 2977 quod,

139 2977 314 3039 inquit,
353 2982 587 3041 nunqnam
611 2976 802 3033 tolerari
837 2977 1071 3028 debuerat.

821 3045 861 3092 E
1412 3003 1557 3096 ΡΞοῦζ
