1846 3250
529 177 626 225 DE
665 174 1179 227 MATRIMONIO.
1461 178 1579 243 429<

142 311 545 367 consuetudinem
585 310 975 359 Patriarchamm
1002 310 1228 359 ducendi
1265 309 1433 373 plures
1478 326 1568 359 ux·

143 399 253 431 ores
298 380 445 428 fuisse
478 378 856 454 ρησαῖραόἑίεφης
913 377 1003 425 nisi
1057 378 1186 431 enim
1233 378 1374 425 Deus
1415 389 1569 442 super

142 451 328 516 Legem
350 445 659 510 primitivam,
684 461 778 506 qua
793 445 1036 508 prohibita
1058 445 1218 493 fuerat
1235 458 1444 493 uxorum
1463 447 1583 510 plu-1

142 514 322 570 reditas,
349 530 460 561 cum
482 513 550 560 eis
566 512 910 575 dispensasset,
937 512 1189 574 culpabilis
1213 512 1386 561 fuisset
1401 528 1580 563 eorum

144 581 464 646 agendiratio.
540 584 620 628 20·
647 580 726 627 Ex
750 579 855 626 istis
877 580 1122 642 expressis
1167 582 1217 628 S.
1223 579 1574 643 Chrysostomi

146 649 303 698 verbis
325 649 476 696 Hom.
496 651 575 695 5.ss
594 647 641 692 in
668 646 797 698 Gen.
875 647 1008 694 Tunc
1032 647 1142 710 quia
1163 647 1395 711 principia
1419 654 1573 704 erant,

142 717 416 793 permissum
429 716 547 780 fuit
583 732 684 762 cum
721 713 909 763 duabus
946 712 1019 761 vel
1062 714 1210 762 tribus
1255 714 1329 762 vel
1357 713 1576 777 pluribus

150 783 385 849 coujunyi,
421 791 472 834 ut
495 782 744 829 humanum
763 797 915 847 genus
940 789 1306 847 propagaretur.

228 851 420 910 Quaeres
444 849 520 896 2⁰·
547 865 611 896 an
632 859 683 896 et
707 865 805 912 quo
846 848 895 893 in
920 848 1032 897 loco
1062 848 1419 925 scripturarum
1445 848 1581 912 lega·

148 929 226 965 tur
251 919 355 965 haec
383 915 696 980 dispensatio,
733 915 812 964 vel
836 915 986 981 Legis
1011 915 1265 984 primitivae
1288 914 1352 963 ad
1387 926 1581 979 tempus

154 985 437 1047 abrogatio.
426 984 442 1017 Ρ
1216 1011 1220 1015 -

217 1053 280 1099 R.
310 1055 382 1098 10·
419 1048 651 1104 Quamvis
681 1045 778 1096 nOn
816 1047 1103 1110 legeretur
1089 1064 1138 1094 m
1157 1042 1437 1111 Scriptum,
1463 1049 1581 1097 satis

151 1128 397 1171 constaret
435 1117 569 1165 illam
605 1132 634 1163 a
671 1116 784 1164 Deo
820 1114 970 1163 fuisse
1012 1131 1326 1171 concessam;
1376 1117 1489 1164 sive
1516 1133 1580 1165 ex

151 1186 434 1262 Traditione
490 1184 609 1232 sive
653 1200 718 1232 ex
765 1182 1135 1245 agendiratione
1184 1183 1581 1236 Patriarcharum

155 1254 235 1317 qui
270 1252 530 1300 laudantur
565 1267 595 1299 a
637 1251 967 1315 Scriptoribus
1001 1249 1169 1308 sacriS,
1206 1251 1387 1353 nedum
1419 1267 1588 1317 repre-

144 1312 445 1370 'bendantun

181 1388 520 1452 Respondent
547 1384 621 1432 2⁰·
657 1384 870 1433 nonnulli
909 1356 1168 1448 vestigium
1211 1366 1356 1446 hujus
1391 1365 1586 1449 dispen-

155 1456 354 1503 sationis
396 1454 568 1517 colligi
608 1468 749 1516 posse
786 1468 847 1499 ex
876 1468 986 1515 cap.
1023 1456 1104 1500 21.
1146 1453 1331 1502 Genes.
1357 1452 1456 1502 ubi
1479 1454 1586 1503 Do-

155 1521 412 1571 minusvde
460 1520 710 1586 ejiciendis
749 1520 958 1570 [smaele
1007 1530 1056 1567 et
1110 1524 1247 1582 Agar
1285 1517 1586 1581 matre->ejus

155 1596 429 1643 sermonem
465 1588 590 1636 dixit
631 1588 693 1636 ad
732 1588 1017 1641 Abraham:
1048 1589 1229 1635 'Omnia
1271 1603 1378 1651 quoe
1404 1588 1588 1663 'dixerit

156 1658 242 1706 tibi
292 1659 430 1713 Sara,
472 1655 586 1702 audi
624 1671 774 1703 vocem
820 1657 932 1717 ejus.
1019 1653 1280 1704 Probabile
1339 1653 1468 1701 enim
1511 1668 1587 1702 est

158 1724 504 1783 Abrahamum
541 1721 713 1769 eadem
755 1722 907 1775 verba'
939 1736 974 1767 a
1001 1722 1123 1768 Deo
1163 1720 1422 1778 audivisse,
1473 1736 1589 1772 cum

160 1781 359 1842 Genes.
383 1793 460 1837 16.
512 1789 673 1836 Sara
691 1787 736 1834 ei
776 1787 933 1841 dixit.
969 1788 1225 1853 Ingredere
1259 1789 1325 1836 ad
1350 1781 1593 1840 Ancillam

159 1875 305 1907 meam
345 1859 496 1921 Agar,
554 1855 596 1903 si
618 1857 762 1919 sbrte
798 1871 854 1903 ex
888 1838 973 1902 illa
1009 1855 1256 1918 suscipiam
1294 1853 1434 1916 ¹filios
1436 1889 1540 1906 .....
1543 1864 1588 1903 et
1646 1900 1648 1903 Α

160 1925 288 1974 dedit
312 1940 412 1973 eam
437 1923 538 1972 viro
576 1939 659 1970 suo
683 1938 902 1970 uxorem.

239 1992 436 2050 Quaeres
478 1993 565 2037 30·
608 2005 668 2036 an
699 2004 903 2036 necesse
939 1970 1111 2036 fuerit
1128 1987 1330 2052 singulis
1378 1987 1591 2039 Patriar-

163 2059 283 2115 obis,
321 2056 609 2119 caeterisque
634 2056 896 2104 Veteribus
932 2055 1227 2118 singularem
1264 2055 1369 2104 fieri
1405 2058 1592 2106 revela·

162 2125 383 2173 tionem?

234 2192 300 2240 R.
336 2192 562 2257 negative,
598 2188 839 2238 sufficiens
877 2188 1058 2252 quippe
1102 2189 1197 2237 fuit
1238 2188 1390 2237 semel
1435 2189 1595 2239 Abra-

163 2261 238 2307 hae
264 2270 346 2307 aut
392 2259 532 2306 alteri
581 2257 878 2304 Patriarchae
922 2256 1182 2303 sanctitate
1230 2255 1411 2303 eximio
1458 2255 1593 2304 facta

167 2326 417 2382 revelatio,
456 2330 593 2386 quus
633 2323 840 2371 subinde
883 2324 1111 2385 exemplo
1153 2324 1318 2371 caeteri
1344 2323 1473 2371 idem
1500 2324 1592 2371 sibi

168 2396 353 2443 licitum
380 2408 486 2441 esse
509 2391 878 2440 intellexerunt.

201 2505 204 2507 .
240 2461 433 2516 Quaeres
457 2462 524 2506 4⁰·
558 2474 645 2506 cur
671 2458 810 2505 Deus
845 2454 1382 2519 idiemporumlapsu
1407 2455 1600 2520 pei-miae¹

168 2528 285 2578 serit
308 2526 443 2590 quod
466 2526 527 2573 ab
552 2524 690 2571 initio
714 2540 811 2571 non
836 2524 1186 2577 concesserat?
1511 2559 1513 2561 .

242 2596 301 2643 R.
348 2596 408 2639 1⁰·
466 2593 609 2656 hujus
656 2591 726 2638 rei
774 2591 902 2638 forte
954 2591 1108 2653 magis
1155 2590 1426 2654 appositam
1485 2605 1592 2638 esse

163 2662 403 2714 rationem
426 2676 521 2721 qua
566 2658 747 2707 dicitur
791 2658 860 2705 ita
905 2673 1007 2704 rem
1063 2656 1232 2713 fuisse,
1287 2656 1417 2721 quia·
1432 2657 1593 2706 Deus

169 2728 345 2785 voluit,
374 2732 513 2789 quus
548 2726 639 2775 viae
677 2734 791 2774 sunt
825 2724 1189 2788 investigabiles
1220 2733 1287 2772 et
1305 2724 1596 2774 inscrutabi-

168 2793 540 2858 haJud101a‚
880 2824 881 2827 =
1326 2819 1329 2821 >

204 2864 326 2910 2⁰·
372 2859 491 2914 Dici
530 2869 729 2924 potest'
743 2837 1098 2922 monogamiam
1147 2867 1349 2923 propter
1393 2857 1595 2907 inditam

170 2927 443 3014 hominibus
490 2943 520 2977 a
545 2928 658 2977 Deo
692 2926 1066 2980 foecunditatem
1110 2936 1160 2975 et
1194 2926 1487 2990 longaevam
1513 2939 1604 2974 eo«

1491 3005 1599 3039 rum
