1846 3250
652 222 747 270 DE
788 217 1078 271 ORDINE.
1511 225 1575 273 79

215 362 285 412 Ut
309 369 470 409 autem
494 358 734 407 sufficiens
759 358 821 406 sit
844 372 902 406 ac
928 357 1085 405 'valeat
1109 357 1336 406 beneficii
1369 359 1558 416 titulus,

148 432 303 479 multa
325 428 647 491 requiruntur.
1560 423 1562 425 ’

228 502 289 544 1⁰·
326 497 395 546 Ut
443 495 733 545 beneficium
775 504 888 543 actu
936 494 1188 541 habeatur.
1271 496 1416 544 Unde
1462 512 1561 543 non

144 564 317 614 sufficit
342 581 452 629 spes
477 574 560 613 aut
584 563 730 612 etiam
751 562 994 611 certitudo
1029 561 1155 609 illius
1180 562 1474 625 possidendi.

216 636 281 680 2⁰·
318 634 387 682 Ut
417 632 708 681 beneficium
744 630 979 679 canonice
1019 630 1339 692 possideatur.
1412 632 1560 680 Unde

147 718 244 748 non
268 701 464 749 inservit
490 700 779 749 beneficium
815 698 1017 748 simonia
1041 700 1311 758 obtentum,
1349 700 1491 748 etiam
1515 697 1566 748 ei

147 769 228 834 qui
254 770 503 818 simoniam
528 767 783 834 ignoravit.

216 842 307 886 30
337 839 407 887 Ut
430 838 558 886 idem
582 836 873 885 beneficium
907 835 1113 899 pacifice
1149 835 1470 900 possideatur,
1506 836 1557 884 id

150 916 241 958 est,
277 905 379 953 sine
404 906 487 954 lite
503 905 626 967 juris
649 915 733 953 aut
756 903 889 953 facti.
920 923 922 925 ·
1544 923 1547 930 Α

218 977 282 1020 4⁰·
319 974 391 1022 Ut
414 973 475 1021 sit
497 972 999 1029 verumbeneficium,
1025 988 1121 1019 non
1140 988 1325 1020 merum
1350 971 1559 1021 officium

146 1041 419 1099 amovibile,
455 1059 542 1090 seu
565 1042 626 1089 ad
651 1051 821 1089 nutum
845 1041 1136 1089 revocabile.
1541 1076 1543 1079 -
1566 1055 1568 1059 ’

215 1114 290 1159 5⁰·
330 1110 521 1167 Errant,
559 1120 612 1158 ut
649 1111 874 1157 observat
900 1107 1120 1165 Garoias,
1160 1108 1275 1156 Lib.
1311 1108 1372 1156 de
1399 1109 1560 1157 Bene-

145 1178 282 1233 ficiis,
320 1177 349 1224 ii
377 1177 459 1242 qui
485 1178 764 1226 existimant
797 1178 1296 1255 quantulumcumque
1331 1179 1571 1231 benefici-j

146 1262 224 1292 um
262 1246 324 1293 ad
363 1246 555 1293 titulum
594 1247 847 1300 sufficere;
882 1247 921 1292 si
947 1246 1070 1293 enim
1109 1241 1372 1309 proventus
1396 1256 1563 1293 tamam

145 1329 241 1362 non
282 1311 506 1378 adaequet
553 1315 613 1362 ab
655 1314 900 1378 Episcopo
949 1313 1293 1378 praescriptam,
1330 1316 1569 1378 supplere

148 1381 296 1429 debet
318 1381 675 1444 patrimonium.

215 1450 269 1495 In
311 1450 452 1497 titulo
490 1448 812 1512 patrimoniali
858 1464 954 1495 non
997 1465 1139 1496 secus
1181 1465 1238 1497 ac
1286 1450 1561 1499 beneficiali

147 1518 311 1564 muitae
336 1534 531 1581 quoque
556 1518 865 1581 requiruntur
900 1516 1222 1564 conditiones.
1256 1536 1258 1538 ’

218 1588 292 1633 10.
332 1587 542 1649 Oportet
575 1596 629 1633 ut
665 1586 876 1633 valorem
918 1586 978 1632 ab
1023 1585 1270 1649 Episcopo
1312 1587 1564 1651 praescrip-v

150 1663 252 1700 tum
277 1653 519 1719 adaequet.

213 1723 295 1767 20·
334 1723 403 1770 Ut
437 1733 551 1770 actu
588 1722 647 1769 ab
697 1720 982 1769 Ordinando
1025 1720 1342 1784 possideatur..
1413 1720 1566 1773 Unde

147 1805 239 1837 nec
262 1790 435 1838 sufficit
460 1807 589 1854 spes,
613 1805 718 1838 nec
741 1790 952 1852 simplex
983 1789 1253 1853 promissio.

216 1861 299 1904 30·
337 1859 406 1907 Ut
430 1875 542 1906 vere
566 1857 884 1921 possideatur,
921 1874 1018 1905 non
1059 1858 1175 1904 ficte
1200 1868 1283 1905 aut
1320 1861 1411 1906 sub
1444 1870 1572 1907 con-'

146 1924 328 1973 ditione
353 1942 585 1990 expressa
622 1927 700 1973 vel
739 1926 890 1973 tacita
923 1936 977 1973 ut
1001 1930 1104 1986 eius
1135 1936 1398 1987 proventus
1422 1928 1574 1976 danti:

148 1994 468 2051 remittantur,
504 1995 628 2042 sicut
652 1992 912 2056 aliquando
937 1992 1195 2057 contingit.

167 2080 170 2084 ·
217 2064 292 2108 4⁰.
329 2062 521 2109 Titulus
551 2060 897 2125 patrimonialis
938 2070 1100 2126 potest
1142 2077 1247 2110 esse
1272 2063 1349 2110 vel
1382 2064 1563 2113 fundus

148 2140 435 2191 proventum
461 2130 659 2187 habens,
696 2130 771 2177 vel
797 2145 931 2177 mera
964 2129 1133 2193 pensio
1158 2130 1388 2178 advitam
1415 2148 1563 2197 super

147 2197 356 2261 aliquem
396 2198 598 2245 fundum
638 2197 895 2261 assignata.
966 2199 1118 2246 Porro
1142 2198 1322 2246 fundus
1362 2200 1411 2246 in
1450 2202 1562 2250 titu
1574 2220 1577 2223 ·

149 2264 247 2312 lum
286 2266 426 2314 datus
468 2266 544 2314 vel
584 2265 667 2314 ille
713 2281 856 2329 super
897 2282 1039 2328 quem
1064 2266 1336 2329 assignatur
1375 2270 1573 2346 pensius

149 2349 244 2380 non
280 2334 429 2383 debet
453 2351 558 2383 esse
594 2333 788 2383 minoris
824 2334 997 2382 valoris
1040 2350 1184 2398 quam
1226 2336 1487 2399 requiritur
1511 2349 1565 2386 et

150 2402 394 2451 asseritur.
1574 2437 1577 2441 n

216 2473 296 2517 50·
323 2472 540 2520 Necesse
566 2480 641 2519 est
665 2479 718 2518 ut
742 2470 804 2517 sit
828 2469 951 2518 liber
968 2471 1029 2518 ab
1050 2470 1178 2518 omni
1208 2471 1487 2535 hypotheca
1510 2483 1563 2522 et

153 2552 300 2585 onere
342 2539 473 2603 quod
514 2544 616 2602 ejiis
657 2538 870 2587 valorem
910 2538 1164 2586 imminuat
1204 2539 1282 2587 vel
1318 2539 1579 2590 incertum*

151 2604 338 2653 reddat.
1522 2630 1527 2634 λ

216 2675 297 2719 60.
334 2674 446 2721 Non
480 2675 609 2723 valet
647 2674 816 2723 titulus
857 2690 968 2723 cum
1007 2674 1287 2753 praejudicio
1329 2674 1565 2741 legitimae

151 2738 377 2788 fratribus
401 2742 615 2799 debitae,
629 2742 720 2791 nisi
753 2742 785 2789 ii
822 2742 915 2791 sint
931 2748 1055 2806 ejus
1090 2742 1245 2791 aetatis
1269 2744 1317 2791 in
1342 2761 1440 2810 qua
1471 2760 1581 2795 vti-⁴

156 2806 255 2854 lide
278 2809 465 2871 possint
485 2810 612 2858 hanc
639 2800 949 2859 donationem
972 2812 1260 2875 approbare.

220 2878 303 2926 70·
357 2876 549 2924 Titulus
593 2878 939 2942 patrimonialis
987 2896 1051 2927 ex
1093 2882 1288 2928 Statuto
1338 2881 1566 2929 Aurelia-

72 2990 75 2991 γ
152 2941 305 3000 nensi,
341 2959 420 2992 an.
453 2946 600 2993 1560
619 2954 709 2994 art.
738 2949 814 2993 12.
837 2956 1002 3010 atque
1011 2964 1085 2996 ex·
1104 2947 1324 3012 pluribus
1352 2950 1583 3002 Arrestis'

152 3010 348 3061 alienari
385 3027 481 3062 non
505 3020 683 3078 potest.
706 3014 775 3061 Si
821 3024 984 3066 tamen
1024 3015 1357 3091 supervenerit
1400 3026 1574 3079 postea

183 3105 185 3107 ·
313 3107 316 3113 ι
761 3081 812 3129 Η
835 3084 863 3129 3
1226 3080 1569 3146 patrimonium
