1846 3250
551 185 647 233 DE
686 183 977 234 ORDINE.
1405 188 1470 235 99

135 324 373 389 Obj.110·
410 321 519 369 Lex
558 319 893 369 ecclesiastica
932 320 994 368 de
1031 318 1262 368 coelibatu
1299 321 1473 371 Sacer-

68 394 236 440 dotum
276 390 556 438 adversatur
602 393 679 436 10·
706 389 893 438 Canoni
931 388 1275 451 Apostolorum
1314 390 1473 446 sexto,

69 459 380 509 ubidicitur:
416 458 674 522 Episcopus
713 464 795 505 aut
833 456 1103 523 Praesbyter
1142 475 1328 506 uxorem
1366 476 1477 523 pro-

63 529 221 593 priam
256 543 544 592 nequaquam
570 526 754 574 obtentu
779 524 1042 589 Religzonis
1073 524 1274 589 abjiciat.

90 632 94 635 -
138 601 216 642 ⁶20·
254 596 438 643 Canoni
472 592 941 654 13,C0nci1iisexti
965 593 1221 656 generalis,
1260 592 1341 641 ubi
1369 594 1481 642 Lex

78 663 314 712 Ecclesiae
339 665 573 711 Romanae
608 662 669 709 de
712 661 1010 709 continentia
1044 660 1192 709 sacris
1219 661 1484 731 Ordinibus

74 732 412 780 initiandoium
441 746 681 794 expresse
699 732 1000 792 reprobatur.
1509 778 1510 782 ,

144 805 219 848 30·
247 800 443 850 Canoni
489 802 534 846 3.
579 798 784 846 Cone-ilii
828 798 1058 860 Carthag
1104 799 1150 845 5.
1175 814 1269 875 quo
1315 797 1488 845 Sacer-

79 869 218 917 dotes
235 869 468 944 jubentur
492 883 520 914 a
544 866 640 914 suis
666 866 898 914 uxoribus
930 866 1172 927 abstinete
1205 867 1258 914 in
1284 867 1491 931 proprzis

79 936 303 993 terminis,
340 952 426 984 seu
450 932 498 983 in
524 934 690 983 ordine
726 933 844 983 vicis
867 951 980 993 suae,
1019 944 1072 982 ut
1097 943 1290 982 vertunt
1323 935 1493 983 Patres

86 1005 318 1053 Trullani.

151 1074 229 1119 40·
267 1070 470 1126 Canoni,
509 1069 663 1119 Αἷεΐεν
703 1074 779 1118 14.
820 1070 930 1118 dist.
972 1073 1052 1118 31.
1091 1070 1172 1118 ubi
1217 1070 1495 1134 Stephanus

86 1140 405 1189 Orientalium
455 1154 566 1186 cum
615 1137 842 1187 uxoribus
885 1137 1267 1187 cohabitantium
1314 1155 1498 1187 morem

86 1224 183 1256 non
208 1206 536 1274 reprehendit.
1266 1243 1269 1246 ,

157 1280 268 1326 50·
288 1275 470 1324 Textui
520 1274 782 1354 Augustini
830 1276 1001 1332 relato,
1055 1291 1163 1338 cap.
1210 1274 1339 1323 unic.
1386 1277 1502 1325 Cum

89 1345 252 1408 igitur,
290 1343 370 1391 ubi
397 1342 695 1390 continentia
721 1343 1021 1391 Clericorum
1066 1344 1128 1390 ad
1166 1344 1366 1392 consilia
1396 1361 1505 1407 per-

13 1469 19 1474 *
91 1410 319 1460 fectionis
347 1420 616 1458 revocatur.
668 1410 828 1471 Igitur
853 1411 936 1457 lex
961 1410 1109 1458 sacris
1135 1408 1372 1459 Ministris
1405 1426 1506 1458 coe·

93 1481 292 1527 libatum
319 1476 571 1542 imponens
606 1495 635 1524 a
669 1478 829 1525 multis
856 1477 1086 1527 Conciliis
1121 1475 1341 1541 rejicitur
1374 1478 1506 1545 apud

95 1547 295 1596 Latinos
321 1547 415 1594 vim
450 1545 756 1602 habentibus,
794 1555 843 1594 et
878 1562 906 1593 a
931 1547 1093 1593 multis
1114 1545 1432 1595 Pontificibus
1457 1556 1511 1594 et

97 1616 321 1664 Patribus
351 1614 584 1662 Ecclesiae
621 1614 810 1670 latinae;
847 1630 939 1662 nec
974 1614 1177 1678 proinde
1219 1613 1348 1679 apud
1376 1615 1511 1663 Lati-

100 1702 187 1733 nos
213 1681 501 1745 obligatoria
524 1692 612 1730 est.

169 1754 231 1800 R.
269 1753 335 1799 ad
378 1755 418 1797 1.
462 1749 772 1797 Nihil-aliud
820 1748 903 1797 iilo
947 1751 1145 1799 Canone
1192 1750 1509 1814 significatur,

101 1820 190 1869 nisi
233 1820 530 1883 Episcopum
574 1828 623 1865 et
670 1817 1027 1881 Praesbyterum
1075 1819 1231 1867 teneri
1277 1819 1512 1871 uxoribus

105 1888 263 1953 quoad
307 1888 499 1934 thorum
540 1885 721 1933 relictis
767 1886 1039 1948 providere,
1096 1886 1374 1948 victumque
1421 1886 1514 1934 iliis

106 1956 402 2018 impendere.
454 1954 552 2000 tta
590 1952 892 2016 interpretati
935 1963 1046 2002 sunt
1083 1953 1266 2002 *Patres
1309 1954 1518 2003 Concilii

111 2023 327 2070 Trullani
353 2033 403 2068 et
428 2020 723 2067 'Turonensis
760 2022 803 2066 2.
828 2021 1041 2068 Aliunde
1068 2023 1292 2070 Canones
1315 2017 1404 2071 sub
1430 2040 1516 2070 no

110 2091 239 2139 mine
266 2089 610 2152 Apostolorum
636 2089 696 2135 ab
722 2086 812 2135 illis
845 2104 940 2136 non
965 2089 1286 2149 dimanarunt,
1314 2100 1368 2139 ut
1404 2091 1519 2139 alibi

111 2161 359 2224 probatur,

184 2226 275 2275 Ad.
295 2228 343 2272 2.
386 2225 554 2273 Canon
584 2222 665 2270 ilie
706 2239 802 2270 non
844 2233 917 2272 est
943 2225 1149 2273 Concilii
1190 2231 1238 2275 6.
1280 2227 1521 2293 generalis

115 2312 145 2343 a
186 2311 279 2356 quo
329 2295 552 2342 Canones
609 2291 728 2338 nulli
775 2292 960 2339 conditi
1011 2304 1139 2353 sunt,
1194 2265 1523 2373 sed⁶Sy119di

118 2363 360 2410 Trullanae
401 2377 510 2424 quae
543 2375 572 2407 a
600 2359 782 2424 Seigio
828 2361 1063 2410 Pontifice
1088 2375 1137 2411 et
1172 2380 1201 2412 a
1224 2364 1445 2418 Latinis
1435 2381 1523 2411 im-

122 2432 324 2495 probata
357 2439 446 2484 est,
482 2445 695 2492 quaeque
722 2438 883 2475 tamen
906 2426 1202 2478 Lutheranis
1222 2446 1322 2479 non
1360 2431 1521 2489 favet;

121 2515 230 2545 cum
255 2499 407 2545 solum
435 2496 636 2545 Clericis
659 2495 806 2543 sacris
831 2498 1077 2559 permsttat
1101 2499 1380 2548 cohabitare
1412 2511 1527 2548 eum·

122 2566 351 2613 uxoribus
402 2574 522 2612 ante·
562 2563 929 2612 Ordinationem
975 2565 1152 2624 ductis,
1199 2577 1254 2614 ut
1299 2585 1431 2621 nunc
1471 2565 1527 2624 fit

124 2633 247 2680 inter
272 2633 488 2689 Graecos,
525 2648 620 2679 non
650 2648 765 2678 vero
808 2648 985 2681 uxores
1025 2645 1134 2699 post
1154 2635 1530 2684 >Ordinationem'

128 2700 325 2748 ducere.

199 2767 892 2836 Ad.30·C0nciliiCa1-thag.
935 2777 1117 2827 textus,
1154 2770 1233 2833 qui
1256 2771 1440 2823 latinus
1461 2782 1536 2820 est

131 2835 312 2898 quique
338 2851 432 2882 non
456 2835 644 2883 habet
624 2854 673 2884 m
693 2837 900 2900 propriis
923 2839 1145 2892 terminis.
1183 2840 1272 2888 sed
1289 2836 1540 2899 secundum

129 2904 285 2970 pinum
318 2910 508 2956 statuta,
542 2904 667 2950 male
702 2920 732 2951 a
770 2903 994 2955 Patribus
1017 2897 1258 2970 Trulianis
1282 2907 1362 2971 qui
1387 2906 1535 2971 graeci

135 2983 289 3030 erant,
325 2971 431 3018 fuit
439 2985 709 3020 conversus

836 3038 885 3085 K
1236 3058 1239 3061 <
1444 3043 1535 3093 Ad.
