1846 3250
201 226 209 230 N
258 167 357 216 258
668 198 671 200 -
766 161 1196 222 TRACTATUS

331 302 418 351 Ad
443 308 483 351 1.
515 319 635 368 resp.
670 304 913 368 sponsalia
936 321 1031 354 non
1062 311 1225 368 jurata
1250 306 1446 354 minime
1484 306 1680 354 dissolvi

265 385 353 433 per
393 371 637 434 sponsalia
685 376 963 433 Juramento
1021 375 1319 425 confirmata.
1412 375 1559 422 Ratio
1606 386 1681 422 est

267 436 382 500 quia
413 442 743 498 Juramentum
780 439 829 485 in
865 440 960 487 hoc
1001 457 1118 489 casu
1156 451 1229 490 est
1270 442 1333 490 de
1360 457 1411 489 re
1437 442 1606 490 illicita
1630 451 1681 489 et

267 514 441 552 contra
478 506 631 554 bonos
673 523 849 555 mores.
922 509 1075 556 Porro
1117 525 1181 557 ex
1223 509 1394 570 regula
1435 509 1567 558 Juris
1600 512 1681 555 58.

265 571 391 618 iia-6.
417 576 748 634 Juramentum
775 591 870 621 non
895 586 1057 638 potest
1082 593 1187 624 esse
1225 576 1489 638 iniquitatis
1513 574 1681 624 vincu-

265 639 383 695 lum,
421 657 504 689 nec
526 649 685 689 contra
706 642 844 690 bonos
866 660 1013 690 mores
1038 643 1259 707 obligare.

336 707 464 755 Haec
489 718 650 756 tamen
681 709 941 771 sponsalia,
975 721 1201 772 respectu
1243 709 1393 773 partis
1430 711 1511 759 cui
1551 711 1682 775 prior

267 773 391 822 fides
417 775 530 823 data
569 774 746 833 fuerat,
784 793 881 822 non
916 787 1030 824 sunt
1072 777 1392 840 obligatoria3
1428 778 1527 826 sive
1570 778 1684 841 quia

265 842 474 890 violator
508 842 622 890 fidei
659 859 748 889 suo
789 843 886 905 juri
935 844 1030 891 hoc
1072 845 1178 908 ipso
1225 845 1546 902 renuntiavit;
1582 845 1682 893 sive

269 908 384 972 quia
421 910 541 958 fides
580 910 621 958 ei
665 926 761 958 non
804 911 1013 960 debetui
1050 912 1131 975 qui
1168 911 1300 976 prius
1337 911 1485 960 fidem
1521 883 1683 961 datam

259 975 477 1040 infregit.

337 1046 484 1093 Ada.
507 1061 624 1110 resp.
659 1061 906 1123 sponsum,
944 1045 1189 1094 dissolutis
1215 1045 1453 1109 prioribus
1489 1062 1686 1111 sponsa·

268 1110 413 1169 libus,
451 1129 546 1159 non
573 1113 772 1176 astringi
808 1113 1172 1176 posterioribus,
1210 1129 1303 1161 nec
1330 1114 1483 1161 teneri
1510 1131 1687 1162 secun·-

270 1178 383 1225 dam
425 1195 650 1256 sponsam
689 1180 886 1230 (lucer-e
957 1182 1104 1228 Ratio
1143 1190 1217 1229 est
1257 1182 1371 1243 quia
1417 1182 1689 1244 posteriora

270 1247 516 1307 sponsalia
550 1248 611 1294 ab
636 1247 773 1294 initio
809 1248 1008 1295 fuerunt
1030 1248 1258 1305 invalida,
1296 1264 1406 1295 cum
1433 1259 1594 1296 essent
1623 1248 1687 1296 de

269 1328 322 1357 re
346 1312 531 1361 illicita.
604 1314 773 1371 Porro,
800 1330 861 1361 ex
887 1315 1014 1377 Reg.
1037 1316 1145 1363 Jur.
1171 1332 1261 1363 non
1277 1316 1512 1377 firmatur
1533 1323 1687 1365 tractu

270 1381 507 1444 temporis,
543 1382 668 1446 quod
683 1383 745 1443 ¹(Ie
767 1383 889 1429 Jure
912 1382 969 1429 ab
987 1382 1122 1430 initio
1147 1399 1238 1429 non
1262 1382 1485 1429 subsistit.

340 1447 479 1495 Hinc
499 1448 629 1495 idem
654 1464 859 1512 sponsus
894 1448 1154 1513 nequidem
1187 1448 1504 1511 posteriorem
1543 1464 1688 1512 spon-

270 1528 374 1561 sam
400 1515 583 1563 ducere
607 1525 819 1573 tenetur,
858 1516 1043 1563 etiamsi
1069 1517 1201 1593 prior
1232 1531 1408 1592 sponsa
1433 1532 1496 1564 ex
1531 1516 1686 1564 chari.

270 1591 374 1628 tate
398 1582 474 1629 vel
501 1582 595 1629 alio
621 1582 802 1629 motivo
818 1587 897 1643 Jus
914 1599 1054 1630 suum
1079 1584 1127 1628 in
1147 1583 1351 1646 gratiam
1378 1583 1504 1630 iilius
1525 1583 1686 1631 cedat.

274 1648 421 1700 Quod
442 1648 569 1696 enirn
589 1649 712 1696 Jure
737 1650 921 1696 nullum
949 1659 1040 1706 est,
1060 1651 1277 1712 obligate
1303 1650 1489 1711 nequit.
1559 1649 1686 1698 Fieri

250 1724 437 1767 ,tamen
475 1726 639 1779 potest
680 1726 734 1763 ut
774 1731 978 1779 sponsus
1025 1732 1122 1763 non
1169 1716 1213 1762 vi
1253 1718 1563 1779 sponsalium,
1599 1717 1688 1765 sed

271 1781 462 1830 ratione
479 1783 695 1830 scandali
721 1793 770 1831 et
794 1783 957 1830 damni
982 1783 1345 1848 compensandi‚
1369 1784 1688 1846 posterioiem

270 1848 456 1898 ducere
481 1860 721 1898 teneatur.

344 1918 425 1965 Ad
457 1920 506 1964 3.
534 1934 653 1983 resp.
688 1932 917 1981 sponsum
943 1917 1023 1980 qui
1046 1917 1311 1982 secundam
1346 1932 1571 1981 sponsam
1595 1919 1685 1965 sub

270 1998 365 2060 ape
406 1984 697 2032 matrimonii
735 1985 969 2049 corrupit,
1005 2002 1102 2033 non
1144 1980 1299 2033 teneri
1337 2001 1444 2032 eam
1487 1985 1687 2043 ducere,

269 2052 310 2098 si
335 2051 441 2114 ipsa
463 2051 677 2115 priorum
702 2052 994 2115 sponsalium
1029 2053 1179 2101 fuerit
1204 2052 1416 2100 conscia.
1486 2051 1546 2099 Id
1571 2067 1687 2099 cou-

271 2128 372 2166 stat
396 2118 497 2166 sive
534 2135 598 2166 ex
640 2136 880 2167 consensu
916 2121 1132 2167 omnium
1159 2120 1551 2183 'lheologorum;
1585 2117 1688 2166 sive

272 2186 384 2246 quia
406 2185 513 2233 haec
538 2202 635 2233 non
658 2187 749 2233 fuit
775 2186 1000 2250 decepta,
1036 2187 1226 2250 sibique
1263 2187 1353 2249 ipsi
1392 2186 1521 2248 quod
1546 2196 1695 2249 passa

271 2263 348 2301 est
372 2253 598 2300 damnum
640 2253 879 2315 imputare
918 2254 1097 2309 debet;
1132 2255 1232 2300 sive
1258 2254 1371 2315 quia
1399 2258 1480 2314 J‘us
1503 2253 1687 2315 priores

268 2328 457 2382 sponsae
480 2320 589 2367 laedi
615 2337 710 2367 non
725 2329 889 2384 potest
907 2330 995 2384 per
1018 2320 1236 2382 injuriam
1256 2319 1347 2404 ipsi
1371 2334 1399 2366 a
1417 2318 1687 2382 posteriore

264 2403 444 2451 sponsa
464 2387 663 2435 illatam.
1504 2414 1510 2417 -

339 2455 390 2503 Si
431 2471 547 2503 vero
583 2455 690 2502 haec
728 2470 907 2517 sponsa
946 2453 1158 2517 priorum
1205 2452 1497 2516 sponsalium
1535 2450 1685 2501 fuerit

268 2522 450 2580 nescia,
487 2538 691 2585 sponsus
714 2523 885 2569 saltem
910 2521 1169 2584 aliquando
1194 2536 1300 2567 eam
1327 2520 1511 2568 ducere
1547 2530 1683 2567 tene-

269 2598 365 2646 tur,
409 2590 556 2636 modo
580 2605 757 2652 sponsa
793 2589 923 2652 prior
964 2590 1155 2651 deJure
1183 2603 1271 2634 suo
1304 2587 1465 2635 cedat.
1537 2586 1683 2634 Ratio

269 2666 344 2702 est
384 2656 499 2719 quia
539 2656 767 2703 damnum
805 2656 849 2704 ei
884 2656 1052 2718 illitam
1089 2654 1350 2719 aliquando
1385 2670 1481 2701 non
1519 2663 1684 2717 potest.

259 2722 359 2771 alio
385 2723 531 2770 modo
555 2723 794 2770 resarciri.

316 2789 513 2841 Utrum
538 2806 655 2837 vero
692 2790 825 2853 prior
868 2805 1045 2866 sponsa
1068 2798 1292 2837 teneatur
1326 2785 1587 2852 aliquando
1617 2785 1681 2834 de

267 2844 357 2904 suo
384 2869 494 2918 J‘ure
520 2856 715 2933 cedere,
755 2873 818 2905 ex
846 2856 1219 2904 circumstantiis
1235 2854 1557 2932 Judiocandum
1583 2863 1680 2901 est·

270 2923 494 2975 nimirum
532 2923 572 2973 Si
612 2924 746 2989 prior
782 2939 959 2992 sponsa
996 2941 1059 2972 ex
1102 2923 1448 2974 lileXeCUHOne
1485 2934 1683 3033 SPYPSR·

1569 2996 1669 3034 lum
