1846 3250
574 150 672 202 DE
714 148 1225 203 MATmMONIo.
1335 120 1376 174 J
1505 145 1608 201 469

250 291 436 347 Quaeres
473 291 553 337 50·
588 304 649 336 an
685 287 1043 335 matrimonium
1087 287 1379 335 dissolvatur
1402 300 1463 335 eo
1487 295 1610 335 tem-

176 373 297 420 pore
332 373 430 420 quo
468 355 739 419 Religionis
787 355 981 403 habitus
1017 355 1240 413 sumitur,
1287 369 1349 400 an
1382 361 1513 402 *vero
1548 371 1609 404 eo

177 434 397 486 tempore
423 439 520 490 quo
547 422 792 470 Professio
818 422 1092 471 emittitur?
1149 430 1152 434 “

246 491 311 537 R.
347 490 468 538 illud
493 490 686 538 dissolvi
725 506 813 554 per
851 490 1095 539 solemnem
1126 487 1388 554 Religionis
1412 488 1613 556 Profes-

175 557 364 614 sionem,
402 574 467 605 ex
494 574 601 605 can.
625 561 672 610 6.
699 557 888 606 Concil.
917 557 1054 604 Trid.
1079 560 1181 618 Jam
1207 559 1376 604 citato.

250 625 440 679 chaeres
463 629 543 673 60·
579 642 667 689 per
709 640 855 687 quam
901 624 1211 692 Religionem
1253 623 1612 710 matrimonIum

176 691 510 740 dissolvatur?

247 760 309 807 R.
347 776 435 823 per
463 758 809 836 Religionem'
797 775 843 805 m
890 757 1117 807 Ecclesia
1153 759 1504 835 approbatam,
1525 759 1613 808 ho-

179 826 455 896 minemque
514 827 660 875 statui
720 826 932 890 regulari
1007 826 1189 874 invicte
1282 827 1611 886 addicentem.

185 894 316 942 Hinc
358 911 453 943 non
497 895 737 941 dirimitur
772 911 878 958 per
900 894 1048 941 vitam
1088 893 1388 941 eremiticam
1427 894 1481 940 in
1518 911 1615 958 qua

178 973 292 1008 vota
316 961 554 1026 simplicia
578 972 767 1011 tantum
793 978 887 1009 nec
912 977 1000 1026 per
1039 960 1315 1008 Ecclesiam
1354 972 1616 1026 aeceptata

179 1029 482 1081 emittuntur.

253 1096 442 1151 Quoeres
480 1099 559 1147 70·
596 1111 656 1143 an
699 1094 1070 1142 Matrimonium
1128 1094 1532 1155 Christianorum,
1576 1097 1616 1145 si

181 1174 567 1211 consummatum
593 1164 672 1216 sit,
708 1163 925 1210 solvatur
963 1179 1054 1231 per
1075 1164 1342 1252 solemnem
1369 1163 1481 1212 vitae
1504 1165 1634 1213 reli-v

174 1229 331 1293 *giosae
359 1231 754 1278 Professionem.
743 1231 767 1263 ‘⁹

250 1299 315 1346 R.
355 1300 584 1375 negative,
621 1309 823 1374 propter
857 1296 1086 1354 rationes,
1126 1298 1301 1363 quibus
1338 1309 1483 1349 antea
1506 1316 1618 1366 pro-

180 1366 399 1413 bavimus
442 1366 854 1413 matrimoniorum
895 1365 1280 1414 Christianorum
1317 1368 1421 1415 sola
1458 1380 1617 1417 morte

182 1444 231 1480 et
268 1433 399 1479 nullo
436 1435 530 1481 alio
568 1434 731 1489 modo,
768 1433 1026 1494 nequidem
1065 1450 1152 1496 per
1188 1434 1480 1483 adulterium
1519 1436 1616 1484 dis-

181 1500 318 1546 solvi.
411 1502 527 1549 Sola
564 1501 866 1548 matrimonia
902 1512 1007 1548 rata
1042 1518 1136 1548 non
1187 1513 1524 1551 consummata
1568 1503 1619 1551 in

181 1568 385 1630 gratiam
413 1569 651 1631 religiosae
681 1568 1001 1615 Professionis
1026 1568 1358 1633 excipiuntur,
1398 1586 1459 1619 ex
1499 1572 1620 1631 Tra-

178 1633 365 1685 'ditione
419 1636 793 1693 ecclesiastica:
859 1651 1105 1700 nunquam
1149 1653 1265 1687 vero
1313 1637 1619 1694 matrimonia

183 1715 532 1761 consummata.
981 1703 985 1705 “

182 1836 225 1900 ξ.
260 1839 307 1885 6.
370 1838 445 1885 An
507 1837 866 1886 Alatrz'monium
911 1837 1290 1888 Christianorum
1340 1841 1492 1905 possit
1517 1842 1623 1891 uli·

340 1906 527 1970 quando
562 1906 906 1974 dispensatione
931 1906 1179 1979 pontffioia
1227 1907 1463 1957 dissolvi?

252 2038 486 2087 Fatentur
545 2055 713 2087 omnes
772 2040 1079 2088 matrimonia
1131 2053 1467 2092 consummata
1521 2060 1621 2093 non

181 2121 325 2175 posse
360 2106 533 2154 summi
573 2106 824 2158 Pontificis
862 2107 1226 2171 dispensatione
1280 2110 1457 2168 dirimi,
1507 2128 1620 2161 cum

181 2189 244 2220 ex
272 2179 383 2235 Jure
408 2174 571 2228 divino
596 2176 699 2222 sola
741 2186 897 2223 morte
923 2175 1118 2223 dissolvi
1144 2178 1347 2245 possint.
1439 2179 1619 2229 Utrum

180 2256 296 2288 vero
349 2241 411 2289 de
461 2242 777 2301 matrimoniis
819 2242 934 2291 ratis
971 2260 1068 2290 non
1106 2246 1453 2294 consummatis
1490 2247 1622 2296 idem

182 2307 443 2356 dicendum
488 2311 565 2366 sit,
599 2325 697 2356 non
742 2310 1055 2358 consentiunt
1097 2310 1224 2360 inter
1261 2329 1314 2361 se
1358 2314 1622 2378 Theologi,

182 2376 308 2423 inter
344 2394 466 2449 quos
501 2377 582 2425 alii
618 2388 807 2443 partem
846 2379 1183 2437 affirmantem,
1229 2381 1309 2427 alii
1357 2393 1620 2446 negantem

184 2452 369 2498 tenent.

676 2558 1122 2631 ΡΒΟΡΟΞῙΤΙΟ.

185 2710 298 2765 Non
327 2721 490 2777 potest
529 2715 578 2762 S.
600 2713 749 2763 Pon!
733 2716 835 2793 fix
867 2673 1141 2781 dispensare
1175 2736 1204 2766 a
1238 2716 1420 2770 vinculo
1447 2721 1628 2769 Matri-

498 2804 500 2807 *
542 2783 686 2831 monii
709 2785 808 2832 rati
831 2803 922 2834 non
941 2787 1260 2836 consumman-

249 2912 400 2963 Prob.
442 2917 519 2962 10·
555 2916 670 2980 quia
712 2934 802 2981 per
838 2920 1216 2982 quatuordecim
1258 2920 1415 2986 prima
1453 2921 1632 2971 Eccle-

175 2978 448 3031 siaesaecula
496 2998 749 3048 nunquam
787 3002 847 3036 ea
885 2997 1137 3052 potestate
1182 2989 1254 3037 usi
1290 2998 1409 3037 sunt
1451 2989 1627 3037 summi

1360 3056 1626 3107 Pontifices
