1846 3250
215 147 219 151 ·
270 149 381 198 384
458 128 485 159 ³
733 160 744 163 “
792 132 1224 200 'TRACTATUs

255 282 398 331 ‚dum
447 300 474 331 e
517 281 759 331 contrario
794 284 874 356 alii
911 285 1162 332 tenerioris
1198 283 1353 333 aetatis
1383 282 1592 335 facilius
1620 283 1708 332 de-

282 341 414 414 cepti
441 351 740 412 Judicantur.

352 418 515 466 Βεεεε.
552 418 733 466 Edicto
776 418 994 466 Blesensi
1035 429 1084 467 et
1125 418 1228 467 aliis
1252 417 1493 466 nonnullis
1521 416 1710 465 Edictis

279 485 614 532 decernuntur
653 502 810 549 poenae
842 487 890 533 in
934 487 1181 534 Parochos
1218 487 1299 549 qui
1337 488 1525 534 nubunt
1564 486 1712 533 filios-

277 551 483 600 familias
508 553 611 600 sine
637 570 875 601 consensu
900 565 1175 619 parentum,
1213 564 1441 617 tanquam
1469 555 1516 601 in
1541 559 1705 615 raptus

256 620 528 668 ·Faut0res.
624 622 756 684 Ergo
782 622 1017 682 eiusmodi
1043 621 1348 668 matrimonia
1385 621 1626 668 habentur
1653 630 1706 666 ut

255 696 447 750 ‚raptus
470 707 484 745 3
520 688 653 751 atqui
679 698 845 752 raptus
871 688 1174 735 matrimonia
1197 688 1384 743 irritat3
1415 704 1533 750 ergo
1557 686 1704 734 solius

256 765 537 818 ,parentum
563 767 829 803 consensus
853 756 1079 804 defectus
1106 755 1463 803 matrimonium
1487 755 1659 816 irritat·

351 822 416 870 R.
442 824 551 871 dist.
575 827 685 888 maj.
725 824 792 870 Et
825 823 893 871 sic
929 824 1195 886 loquuntur
1231 823 1409 870 Edicta
1444 838 1507 869 ex
1554 822 1709 885 hypo·

278 888 405 937 thesi
442 891 575 954 quod
627 901 794 967 raptus
846 890 1177 947 intervenerit,
1233 908 1357 939 conc.
1403 905 1562 946 secus,
1605 906 1709 952 neg.

282 956 445 1005 Unde
453 957 493 1004 si
519 973 615 1004 non
641 958 700 1005 sit
727 967 910 1021 raptus,
950 958 1157 1006 Parochi
1193 974 1287 1003 non
1314 968 1516 1021 possunt
1541 955 1707 1003 baberi

257 1032 334 1075 2ut
377 1034 544 1088 raptus
571 1026 806 1073 Fautores
839 1042 999 1089 neque
1038 1036 1089 1072 ut
1128 1026 1249 1072 tales
1286 1024 1459 1088 puniri,
1497 1023 1706 1088 alioquin

210 1106 211 1109 ’
275 1099 391 1139 esset
436 1093 719 1146 absurditas,
757 1093 909 1154 inquit
947 1093 1293 1139 celeberrimus
1348 1091 1619 1139 Theveneau
1656 1106 1702 1135 m

256 1158 647 1210 ..Commentario
673 1170 760 1207 art
787 1163 870 1207 40.
909 1160 1280 1208 Constitutionis
1304 1157 1561 1206 Blesensis.
1632 1158 1711 1203 In-

260 1241 426 1289 ‚super
462 1243 573 1274 cum
611 1226 849 1289 ejusmodi
902 1228 1128 1303 conjugia
1181 1243 1309 1303 saepe
1360 1224 1477 1271 fiant
1512 1240 1599 1287 per
1635 1240 1709 1270 se

257 1292 580 1349 ductionem,
617 1294 857 1342 ordinarie
895 1294 1200 1357 praesumitur
1241 1294 1289 1339 in
1330 1292 1438 1339 foro
1476 1291 1706 1340 exteriori

278 1360 520 1420 seductio,
558 1362 823 1425 praesertim
848 1362 927 1409 ubi
955 1362 1134 1409 tenella
1159 1371 1231 1408 est
1257 1371 1388 1408 aetas.

348 1429 428 1476 Ex
452 1429 597 1477 dictis
624 1430 858 1492 colligere
884 1439 957 1477 est
982 1430 1167 1476 nullum
1193 1445 1299 1476 esse
1326 1425 1644 1475 conflictum·
1633 1441 1703 1471 in-

281 1506 356 1543 ter
392 1496 695 1560 disciplinam
724 1497 1060 1544 Tridentinam
1098 1507 1145 1544 et
1184 1497 1273 1544 Jus
1303 1494 1545 1544 Gallicum
1573 1493 1704 1543 circa

279 1563 587 1611 matrimonia
639 1564 1069 1612 filiorumfamilias.
1163 1565 1289 1610 Nam
1334 1565 1408 1609 10·
1445 1578 1509 1609 ex
1546 1561 1707 1615 dictis,

278 1646 377 1677 non
421 1630 637 1679 definivit
664 1631 937 1678 Concilium
964 1631 1099 1677 Trid.
1135 1629 1439 1677 matrimonia
1475 1629 1706 1677 filiorum-

254 1697 499 1756 „familias
535 1698 819 1746 inconsultis
871 1698 1171 1761 parentibus,
1226 1698 1359 1752 inita,
1413 1713 1502 1759 pro
1537 1694 1711 1743 validis.

276 1765 506 1813 habenda
540 1781 646 1813 esse
683 1765 828 1812 etiam
862 1766 910 1811 in
947 1765 1067 1812 locis
1104 1764 1185 1812 ubi
1221 1781 1248 1811 a
1273 1762 1614 1826 Principibus
1603 1760 1706 1807 irri-

276 1842 511 1881 tar.entur
608 1831 840 1887 Quamvis
866 1832 1013 1896 igitur
1036 1832 1142 1879 haec
1168 1830 1470 1878 matrimonia
1495 1846 1523 1878 a
1564 1829 1702 1877 Prin-

275 1899 465 1963 cipibus
489 1900 666 1948 nostris
710 1909 874 1948 essent
909 1899 1059 1957 irrita,
1095 1898 1342 1946 nonideo
1378 1913 1542 1962 pugna
1573 1896 1701 1943 foret

254 1968 402 2015 .-inter
453 1979 709 2031 utramque
754 1978 1063 2031 potestatem.
1134 1969 1214 2012 ⁶20·
1255 1965 1471 2014 Sancivit
1507 1964 1703 2028 quidem

256 2035 507 2099 *Synodus
534 2036 669 2083 Trid.
709 2035 1012 2082 matrimonia
1052 2033 1468 2081 filiorumfamilias
1502 2031 1702 2080 defectu

276 2118 541 2151 consensus
565 2114 820 2165 parentum
847 2119 934 2166 per
959 2119 1012 2149 se
1055 2112 1105 2149 et
1147 2119 1209 2149 ex
1238 2106 1349 2163 Jure
1373 2099 1701 2147 naturalinon

274 2186 382 2217 esse
424 2170 572 2217 irrita.
652 2172 722 2218 At
760 2186 857 2216 non
899 2180 1169 2217 sanxerunt
1214 2170 1378 2231 Reges
1405 2167 1558 2214 nostri
1597 2166 1703 2214 haec

273 2237 580 2284 matrimonia
615 2253 680 2284 ex
716 2238 820 2283 solo
858 2253 1122 2284 consensus
1153 2236 1341 2298 paterni
1369 2235 1569 2282 defectu
1595 2248 1700 2280 esse

273 2304 422 2352 irrita.
494 2304 650 2367 Igitur
669 2320 765 2350 non
791 2313 975 2366 pugnat
1004 2303 1229 2366 Synodus
1255 2302 1390 2349 Trid.
1432 2318 1543 2348 cum
1576 2301 1700 2349 Jure

274 2388 305 2420 a
341 2372 562 2435 Regibus
597 2371 772 2419 nostris
821 2369 1105 2425 constituto,
1158 2384 1389 2432 nuncque
1435 2367 1566 2432 apud
1612 2383 1699 2414 nos

272 2450 481 2488 servato.
1047 2436 1050 2438 ’

259 2555 261 2558 ,
343 2508 587 2555 Caeterum
612 2515 791 2553 norunt
815 2521 982 2554 omnes
1017 2503 1350 2552 Tridentinam
1394 2501 1696 2566 disciplinam

274 2589 372 2625 non
398 2589 503 2621 esse
529 2574 659 2636 apud
685 2590 771 2620 nos
796 2583 1063 2635 receptam,
1099 2572 1318 2635 ⁴quamvis
1346 2572 1520 2622 Clerus
1546 2568 1699 2617 Galli-

276 2656 426 2688 canus
450 2640 636 2703 ipsique
668 2642 828 2703 Reges
867 2640 1017 2687 nostri
1043 2639 1183 2686 variis
1212 2639 1536 2686 Statutisnon
1561 2636 1701 2682 mini-

273 2723 425 2755 mam
437 2708 564 2754 illius
600 2707 867 2771 disciplinae
909 2716 1096 2770 partem
1147 2705 1501 2769 adoptaverint,
1551 2714 1601 2752 et
1646 2703 1696 2749 in

273 2776 432 2823 hoece
458 2775 635 2837 Regno
659 2775 840 2821 servari
866 2773 1114 2836 Jusserint.

352 2842 548 2901 Quaeres
578 2843 654 2887 10·
688 2857 750 2888 an
787 2841 872 2887 filii
902 2840 1138 2902 illegitimi
1165 2840 1334 2888 saltem
1361 2840 1570 2889 minores
1595 2836 1698 2885 sine

254 2890 529 2975 ’parentum
554 2924 795 2960 consensu
820 2909 1108 2958 contrahere
1134 2906 1358 2973 possint?
1635 2943 1679 3017 R

1836 2404 1841 2411 -
1836 2332 1841 2346 ἢ
1829 2203 1846 2320 Αῑῆῑμῇμ.
1843 2168 1846 2169 ,
1832 1999 1846 2108 ‹zm-‘245

1824 2697 1834 2722 ὲ
