1846 3250
257 178 350 223 114·
724 170 1154 228 TRACTATUS

253 308 312 358 nd
345 302 756 374 Amphilochium,
796 311 1152 362 Haereticorum
1179 313 1545 363 Ordinationem
1572 329 1667 361 non

254 382 396 427 'secus
417 395 473 427 ac
502 381 747 443 Baptisma
771 381 943 443 rejicit.
1010 398 1018 403 ·

323 446 390 496 R.
421 450 496 493 1⁰·
532 447 636 513 haec
667 449 859 513 ipsimet
884 449 1081 498 Morino
1119 461 1225 497 esse
1266 450 1511 508 solvenda,
1556 458 1667 498 cum

254 514 356 576 ipse
385 516 685 579 Baptismum
710 519 769 565 ab
797 518 1057 565 Haereticis
1094 519 1322 566 collatum
1349 534 1434 582 pro
1478 529 1582 565 rato
1608 533 1666 564 ac

253 583 412 630 valido
451 585 642 642 habeat,
682 602 824 649 quem
869 595 1028 634 tamen
1058 586 1262 633 Basilius
1301 603 1396 633 non
1427 602 1570 635 secus
1606 600 1664 633 ac

254 650 639 710 ordinationem,
678 663 731 701 ut
755 654 941 702 irritum
966 654 1121 716 rejicit
1153 654 1200 702 S.
1229 653 1429 702 Doctor.

319 719 386 766 R.
413 721 491 766 ΞΟ·
527 738 632 768 cum
663 718 861 770 Vitassio
886 723 1118 786 quosdam
1145 738 1251 770 esse
1277 721 1556 771 Catholicos
1582 719 1663 784 qui

251 786 480 835 Basilium
506 789 716 853 benigne
742 790 1048 854 interpretari
1088 800 1356 847 conentur3
1392 791 1477 839 sed
1513 790 1662 853 ‘satius

173 882 177 889 >
250 872 371 912 esse,
409 856 446 904 si
472 858 792 905 confiteamur
818 875 926 906 eum
955 859 1086 906 circa
1110 872 1318 922 praesens
1345 867 1493 922 eaput
1531 856 1665 921 quod

247 923 442 972 minime
467 927 583 973 tun'c
609 926 859 973 definitum
883 927 1206 985 existimabat,
1232 923 1278 973 in
1305 936 1467 975 errore
1493 924 1665 991 Cypri-

247 992 324 1038 ani
350 1008 409 1040 ac
426 993 694 1057 ¹Firmiliani
719 1005 959 1042 versatum
987 1011 1109 1043 esse.

322 1060 429 1122 Obj.
453 1064 535 1109 60·
570 1063 740 1110 Innoc.
766 1063 807 1110 Ι.
832 1063 987 1126 Epist.
1019 1064 1097 1111 18.
1118 1062 1180 1110 ad
1207 1062 1563 1118 Alexandrum,
1591 1076 1667 1108 ra-

246 1139 347 1174 turn
376 1128 569 1192 quidem
597 1126 744 1179 habet
771 1131 1073 1195 Baptismum
1104 1132 1165 1179 ab
1193 1131 1386 1178 Arianis
1413 1131 1661 1187 collatum,

247 1195 334 1243 Sed
383 1206 546 1245 eorem
584 1199 930 1247 Ordinationes
977 1199 1134 1246 irritas
1180 1199 1489 1262 pronuntiat:
1539 1198 1664 1253 Quo-

245 1266 392 1322 niam,
418 1260 588 1329 inquit,
613 1276 720 1314 cum
743 1284 775 1314 a
799 1267 927 1315 Fide
955 1267 1216 1324 Catholicae,
1250 1283 1409 1315 eorum
1433 1265 1664 1323 Auctores

244 1330 536 1391 desciverint,
564 1336 896 1400 perfectionem
946 1335 1164 1398 Spiritu-s
1209 1352 1355 1398 quam
1389 1336 1665 1397 acceperant

244 1403 508 1450 amiserunt
520 1423 541 1459 ,·
579 1419 662 1450 nee
685 1405 800 1450 dare
822 1404 923 1467 ejus
935 1404 1283 1467 plenitudinem
1297 1410 1515 1467 possunt,
1553 1417 1661 1465 quae

243 1467 447 1517 maxime
471 1469 523 1517 in
551 1470 948 1519 Ordinationibus
965 1479 1204 1534 operatur,
1224 1472 1375 1538 quam'
1384 1482 1478 1534 per
1498 1470 1661 1532 impie-

244 1539 357 1583 tatis
371 1555 470 1585 sace
482 1538 743 1601 pefidiam
758 1540 1090 1602 perdiderunt.

309 1606 370 1652 R.
397 1607 504 1653 dist.
553 1607 869 1654 Innocentius
906 1607 1264 1655 Haereticorurn
1314 1604 1659 1655 Ordinationes

242 1671 460 1721 declarat
484 1673 656 1731 irritas,
694 1684 926 1736 quantum
946 1674 1014 1721 'ad
1039 1675 1270 1723 honorem
1299 1691 1347 1723 et
1372 1679 1484 1736 jura
1503 1688 1659 1721 sacer-

242 1740 375 1788 dotio
401 1757 608 1798 annexa,
644 1758 771 1789 eone.
802 1752 1033 1806 quantum
1070 1742 1132 1790 ad
1158 1742 1508 1797 characterem,
1556 1756 1658 1802 my.

239 1809 557 1857 Innocentius
583 1810 748 1874 itaque
767 1826 860 1858 nec
885 1810 1098 1874 loquitur
1117 1809 1178 1858 de
1203 1810 1486 1858 charactere
1510 1824 1655 1872 quem

214 1877 563 1925 ”Ordinatione
587 1877 714 1926 sicut
752 1888 801 1926 et
828 1879 1077 1942 Baptismo
1119 1879 1250 1943 apud
1277 1877 1551 1925 Haereticos
1585 1874 1657 1921 in-

240 1944 325 2007 figi
373 1945 831 2000 existimabat‚'nec
878 1946 1022 1994 etiam
1071 1946 1133 1994 de
1173 1945 1344 1994 Gratia
1385 1959 1528 2006 quam
1563 1958 1656 1991 nec

240 2014 493 2078 Baptismo
528 2024 627 2062 ‘nec
677 2014 997 2062 Ordinatione
1046 2014 1403 2062 Haereticorum
1448 2011 1658 2060 conferri

238 2093 472 2141 noverat:
509 2081 596 2130 sed
622 2081 683 2130 de
711 2087 823 2144 jure
847 2083 951 2129 solo
977 2092 1027 2130 et
1063 2083 1323 2130 honoribus
1350 2080 1542 2143 utrique
1571 2079 1657 2126 Sa-

240 2150 740 2207 cramentoannexis,
778 2150 968 2212 quibus,
1005 2155 1152 2211 juxta
1175 2149 1349 2214 ipsum,
1400 2148 1447 2195 in
1484 2147 1654 2195 hae-resi

237 2216 510 2280 baptizatus
545 2217 722 2267 fruitur
758 2217 917 2265 statim
967 2228 1113 2280 atque
1152 2218 1389 2269 Ecclesiae
1435 2215 1654 2262 reconci-

236 2285 381 2333 liatus
424 2298 528 2341 est;
565 2286 680 2333 dum
723 2302 751 2333 e
793 2294 962 2333 contra
997 2286 1076 2347 qui
1117 2285 1163 2331 in
1201 2283 1368 2332 haere'si
1405 2282 1653 2337 ordinatus

238 2364 358 2411 erat,
397 2362 460 2401 ex
503 2353 654 2402 veteri
698 2353 930 2401 Ecclesiae
964 2352 1231 2416 disciplina,
1268 2350 1525 2400 sacerdotii
1563 2349 1652 2397 ho-

237 2431 356 2470 nore
398 2433 446 2469 et
485 2422 722 2485 dignitate
764 2418 1096 2483 dejiciebatur.
1168 2421 1319 2467 Hunc
1359 2434 1463 2466 esse
1506 2417 1652 2475 Inno-

238 2490 384 2536 centii
411 2501 601 2537 sensum
631 2490 744 2538 satis
779 2490 1024 2538 indicante
1060 2489 1165 2535 haec
1191 2488 1338 2534 verba
1371 2485 1650 2533 immediate

235 2558 606 2620 subsequentia:
649 2559 888 2614 Quomodo
906 2557 1029 2620 fieri
1058 2564 1213 2619 potest
1245 2563 1299 2602 ut
1341 2565 1501 2602 eorum
1532 2570 1650 2616 pro-

221 2624 374 2687 fiznos
414 2625 691 2673 Sacerdotes
726 2627 895 2688 diqnos
942 2624 1124 2672 Christi
1162 2612 1417 2670 honoribus
1433 2654 1435 2659 »
1453 2621 1649 2668 arbitre-

238 2703 346 2740 mur
366 2694 391 2740 ?
1014 2705 1023 2709 ’
1063 2706 1067 2713 ’·

241 2779 245 2785 ’
303 2759 424 2807 Inst.
456 2762 529 2806 10.
551 2760 708 2822 >Idem
738 2759 966 2807 Pontifex
994 2757 1149 2822 Epist.
1181 2760 1222 2805 1.
1256 2758 1318 2806 ad
1351 2756 1648 2805 Martianurn

239 2827 407 2875 definit
433 2827 705 2875 Haereticos
730 2843 758 2874 a
784 2827 977 2873 Bonoso
1002 2832 1116 2873 ante
1139 2825 1265 2873 illius
1291 2825 1647 2873 damnationem

236 2892 497 2950 ordinatos,
535 2895 573 2942 si
616 2895 767 2942 velint
807 2893 867 2941 ad
908 2893 1181 2941 Ecclesiam
1229 2892 1423 2950 reverti,
1460 2893 1645 2953 absque

233 2974 356 3012 nova
391 2962 709 3012 Ordinatione
747 2978 853 3010 esse
895 2960 1233 3025 recipiendos:
1269 2962 1314 3008 in
1358 2975 1453 3024 quo
1495 2958 1646 3071 teiicite

1471 3040 1522 3073 sa
1544 3035 1643 3073 tem
