1846 3250
605 171 701 220 DE
738 167 1028 219 ORDINE.
1435 171 1529 217 155

125 307 264 355 simul
314 317 363 356 et
398 305 695 372 simplicibus
740 305 1086 355 Sacerdotibus
1123 303 1235 370 olim
1275 319 1532 353 commune

125 375 273 423 fuisse
297 386 480 424 certum
509 374 702 422 omnino
725 374 934 423 videtur.
1002 373 1061 421 Id
1097 382 1286 430 constat
1311 388 1375 421 ex
1411 372 1534 419 mul·

128 443 188 490 tis
216 443 634 506 Scripturaelocis‚
660 460 704 490 ν.
729 459 776 506 g.
803 441 1018 490 Timoth.
1042 445 1091 489 4.
1116 441 1196 489 ubi
1222 441 1307 489 sic.
1332 439 1533 504 legitur·

129 511 245 559 λοίπ’
268 511 500 588 negligere
525 512 741 560 Graiium
779 528 883 577 qua>
907 528 955 558 zn
996 518 1042 558 te
1075 517 1155 566 est,
1186 527 1291 575 quce
1330 510 1444 558 data
1469 516 1537 557 est

126 578 209 626 tibi
231 596 329 626 cum
365 580 657 642 imposztione
695 585 909 627 manuum
948 577 1250 643 pvaesbyterz'i.
1289 569 1369 625 Ibi
1406 576 1535 625 enim

125 645 203 693 alii
229 663 372 709 quam
400 647 630 712 Episcopi
654 646 846 694 nomine
870 645 1171 710 praesbyterii
1203 661 1300 693 non
1333 654 1535 709 possunt

124 713 346 778 intelligi,
383 714 619 793 siquidem
651 714 940 779 Praesbyteri
985 713 1282 777 Episcopum
1321 729 1416 760 non
1460 728 1536 760 01·-

125 783 387 834 dinassent.
459 783 614 831 Vide
602 799 799 847 insuper
829 787 870 830 1.
890 783 997 830 Pet.
1021 786 1067 831 5.
1097 785 1139 829 1.
1158 779 1359 831 Joannis
1379 780 1536 846 Epist.

126 853 174 898 2.
199 866 245 897 v.
278 854 319 898 l.
355 862 404 900 et
423 851 516 900 alia
541 852 897 916 Scripturarum
918 851 1041 899 loca

196 922 272 965 3⁰·
297 920 378 968 De
412 921 634 986 Episcopi
665 919 921 976 vocabulo,
959 928 1118 966 utrum
1144 916 1347 966 scilicet
1357 917 1537 982 pariter

125 985 426 1049 simplicibus
467 986 812 1037 Sacerdotibus
851 997 898 1035 et
941 986 1197 1051 Episcopis
1249 986 1361 1032 olim
1405 1001 1537 1033 com-

126 1070 272 1102 mune
297 1054 459 1113 fuerit,
496 1072 594 1103 non
635 1055 861 1105 convenit
897 1056 1029 1104 inter
1055 1054 1303 1111 Eruditos‚
1339 1064 1537 1117 tresque

126 1132 238 1169 sunt
262 1123 407 1172 eade
431 1140 483 1171 re
509 1124 555 1169 V
556 1134 744 1173 eterum
764 1140 824 1173 ac
843 1123 1193 1172 Recentiorum
1218 1121 1487 1171 sententiae.

196 1190 365 1241 Prima
407 1202 479 1241 est
522 1192 840 1250 Theodoreti,
882 1193 963 1257 qui
1002 1193 1275 1241 Comment.
1311 1190 1358 1237 in
1391 1194 1431 1238 1.
1459 1189 1543 1238 Ti-

129 1258 283 1307 moth.
323 1276 367 1308 c.
416 1264 462 1309 3.
518 1260 690 1308 asserit
739 1260 969 1325 Episcopi
1016 1274 1193 1308 nomen
1239 1258 1541 1323 simplicibus

132 1326 447 1392 Praesbyteris
488 1325 601 1376 olim
640 1327 789 1376 fuisse
829 1327 1111 1406 proprium;
1147 1344 1229 1376 eos
1266 1343 1381 1375 vero
1421 1343 1541 1392 quos

130 1394 487 1459 Episcoporum
528 1395 721 1444 nomine
758 1412 888 1444 nunc
929 1396 1229 1460 insignimus,
1266 1406 1383 1443 tunc
1423 1405 1548 1471 tem-

130 1461 261 1526 poris
287 1473 486 1512 vocatos
510 1463 659 1513 fuisse
684 1465 964 1528 Apostolos,
1001 1480 1098 1512 non
1115 1463 1406 1528 Episcopos.

204 1533 414 1582 Secunda
450 1542 524 1581 est
561 1532 837 1596 Epiphanii,
874 1532 955 1597 qui
980 1531 1093 1580 haer.
1118 1533 1198 1581 75.
1230 1531 1379 1580 tradit
1403 1529 1542 1595 Epis-

133 1600 246 1662 copi
277 1600 469 1649 nomine
507 1617 591 1649 eos
633 1600 873 1649 duntaxat
911 1601 961 1648 in
1005 1599 1268 1664 Scripturis
1308 1598 1540 1663 insigniri,

133 1684 254 1731 quos
280 1667 550 1733 Episcopos
573 1668 889 1733 appellamus,
916 1684 1153 1733 nusquam
1172 1683 1287 1717 vero
1312 1683 1396 1716 eos
1421 1683 1544 1731 quos

133 1735 464 1801 Praesbyteros
504 1753 872 1801 nuncupamus;
904 1735 975 1786 ita
1010 1746 1065 1784 ut
1111 1737 1255 1798 huJus
1300 1735 1543 1792 vocabuli,

130 1803 280 1862 idem,
318 1805 398 1868 qui
445 1821 576 1853 nunc
610 1815 697 1860 est,
732 1821 925 1869 semper
972 1820 1086 1853 usus
1131 1804 1296 1852 fuerit.
1381 1803 1545 1852 Theo·-

133 1872 337 1921 doreto
354 1872 602 1922 adhaerent
644 1872 872 1938 Petavius
914 1873 1124 1921 Dissert.
1159 1872 1335 1920 eccles.
1375 1871 1458 1919 lib.
1502 1875 1547 1920 1.

134 1955 179 1987 c.
196 1942 241 1986 2.
267 1951 317 1988 et
343 1939 630 1989 Pearsomus
647 1939 730 1988 hb
755 1941 802 2019 2.
826 1938 1161 2031 Vindiciarum
1181 1938 1546 2054 Ignatianarum

138 2014 245 2070 cap.
274 2011 350 2054 13.
822 2025 827 2035 ¹

212 2076 258 2123 T
255 2076 373 2123 ertza
392 2085 465 2123 est
490 2076 538 2123 S.
564 2074 913 2139 Chrysostomi,
938 2075 1015 2138 qui
1040 2074 1224 2124 Homil.
1253 2080 1294 2124 1.
1311 2076 1360 2122 in
1387 2073 1544 2140 Epist.

138 2141 200 2189 ad
226 2141 575 2207 Philippenses,
602 2144 748 2192 docet
775 2143 1003 2208 Episcopi
1038 2144 1165 2192 sicut
1189 2155 1238 2192 et
1259 2143 1551 2208 Praesbyteii

135 2226 313 2258 nomen
339 2211 636 2276 temporibus
664 2212 1014 2276 Apostolorum
1039 2212 1139 2261 sive
1165 2211 1421 2276 Episcopis
1445 2211 1546 2260 sive

135 2277 433 2342 simplicibus
460 2280 773 2345 Praesbyteris
797 2279 1038 2328 interdum
1062 2280 1211 2328 fuisse
1241 2280 1545 2328 attributum.

136 2346 214 2395 Ita
233 2347 630 2411 Theophilactus,
657 2348 995 2406 OEcumenius,
1019 2348 1365 2413 Hieronymus,
1393 2347 1547 2405 Beda,

139 2415 418 2473 Anselmus,
466 2417 659 2465 Doctor
685 2416 971 2480 Angelicus.
1041 2417 1097 2463 In
1125 2433 1231 2465 eam
1256 2414 1547 2464 sententiam

118 2480 241 2530 ..fere
266 2499 430 2532 omnes
465 2485 564 2532 sive
599 2485 743 2548 graeci
779 2484 879 2532 sive
913 2483 1375 2549 latini‘Interpretes
1415 2483 1547 2532 abie-

140 2559 267 2597 runt.
343 2551 466 2599 Cum
501 2551 585 2600 illa
620 2552 861 2601 sententia
885 2552 1086 2600 duabus·
1109 2551 1212 2600 aliis
1239 2551 1544 2615 opinionibus

139 2616 286 2679 longe
307 2618 371 2665 sit
392 2620 442 2666 in
467 2620 690 2668 Ecclesia
714 2619 959 2684 probatior
983 2636 1042 2668 ac
1068 2620 1385 2697 communior,
1411 2620 1544 2668 vide-

142 2694 220 2731 tur
244 2684 335 2732 illis
359 2688 721 2750 anteponenda;
759 2705 851 2736 nec
870 2687 995 2736 enim
1022 2704 1049 2736 a
1081 2688 1323 2736 communi
1356 2688 1545 2751 judicio

144 2752 361 2808 Panum,
389 2754 649 2819 Scripturae
666 2757 1012 2819 Interpretum,
1037 2757 1292 2821 utriusque
1310 2756 1547 2805 Ecclesiae

142 2788 386 2867 orientalis
407 2832 454 2868 et
479 2823 792 2872 occidentalis
802 2825 1074 2873 Doctorum
1093 2840 1151 2873 ac
1162 2825 1544 2888 Theologorurm

141 2887 287 2935 facile
312 2888 542 2938 recedere
578 2891 826 2940 debemus.
898 2892 1167 2941 Fatendum
1205 2903 1366 2940 tamen
1402 2891 1545 2953 Epis-

142 2955 252 3019 copi
290 2971 464 3004 nomen
504 2957 813 3022 Praesbyteris
851 2959 1179 3023 superioribus
1218 2959 1289 3007 sic
1335 2957 1547 3020 speciale

141 3023 305 3080 fuisse,
341 3035 392 3076 ut
440 3040 545 3072 raro
592 3025 850 3075 admodum
887 3027 1200 3092 Praesbyteris
1240 3024 1544 3077 inferioribus
1591 3056 1593 3059 -

145 3091 549 3141 communicatum
574 3092 735 3142 fuerit.
1430 3092 1472 3159 ἓ
1498 3095 1543 3140 52·
