1846 3250
577 96 676 150 DE
713 78 1212 149 MATRIMONloss
1523 100 1627 160 475

187 233 295 282 Imo
320 233 362 282 si
387 232 553 283 mulier
587 234 779 283 dimissa
800 231 1120 298 poenitentiam
1145 231 1311 299 egerit,
1347 240 1392 281 et
1427 224 1624 282 uoluerit

184 302 251 361 ad
272 302 419 350 virum
443 318 573 350 suum
597 301 787 357 reverti,
824 300 979 358 debet,
1006 302 1090 350 sed
1117 318 1210 349 non
1244 316 1378 366 sape,
1412 301 1619 365 recipere

173 370 494 432 peccatricem,
532 379 677 431 prout
701 368 750 415 in
785 367 896 415 eod.
932 381 1041 430 cap.
1075 367 1270 433 legitur.
1341 368 1488 422 Quod
1511 369 1619 431 qui-

181 434 292 482 dem
341 434 713 499 intelligendum
773 445 848 483 est
895 433 1465 492 dedebitocharitatis,
1503 452 1615 498 qnae

179 501 394 565 postulat
444 513 497 552 ut
526 502 692 552 -saluti
745 503 926 559 uxoris,
985 514 1218 565 quantum
1266 500 1372 550 fieri
1429 513 1610 566 potest,

177 569 431 618 consulat:
468 586 564 618 non
600 580 765 618 autem
804 568 868 617 de
903 568 1072 618 debito
1102 569 1302 633 justitiae
1338 580 1389 618 et
1424 569 1612 633 obliga-

174 635 334 692 tionis,
389 654 501 686 cum
552 648 738 686 certum
776 636 838 685 sit
885 652 948 685 ex
1003 653 1112 701 cap.
1201 638 1505 702 Signfficasti,
1543 638 1608 686 de

178 698 430 760 Divortiis]
467 720 712 768 nunquam
756 704 910 751 virum
948 703 1011 752 ad
1046 701 1297 752 mulierem
1334 704 1622 765 adulterant

173 771 503 836 recipiendam
557 772 728 822 stricto
757 773 869 835 jure
917 771 1090 820 teneri.
1162 771 1308 820 Ratio
1363 782 1437 819 est
1493 773 1608 835 quia

177 849 287 901 post
340 839 676 902 poenitentiam
734 838 1047 887 nihilominus
1105 854 1191 887 rea
1248 849 1324 887 est
1379 839 1609 887 adulterii

172 906 304 968 quod
331 906 502 956 marito
529 911 610 969 jus
636 905 828 956 confert
851 921 958 955 eam
989 906 1038 954 in
1064 916 1357 971 perpetuum
1393 922 1423 954 a
1459 908 1602 955 thoro

171 974 482 1035 expeHendL»
788 1002 790 1004 -

203 1037 211 1043 ⁴
240 1041 437 1097 Quoere's
455 1041 537 1089 40·
571 1048 731 1090 utrum
753 1041 832 1104 jus
857 1038 1050 1089 divortii
1074 1049 1277 1104 propter
1301 1040 1600 1090 adulterium

169 1106 230 1155 ad
258 1118 517 1171 utrumque
546 1112 806 1171 conjugem
833 1108 1016 1173 pariter
1039 1108 1325 1172 pertineat?

235 1175 299 1223 R.
338 1176 519 1238 par-iter
560 1176 823 1239 pertinere,
860 1175 975 1240 quia
1012 1175 1064 1222 in
1102 1174 1159 1224 iis
1197 1192 1305 1239 quae
1346 1175 1597 1240 pertinent

165 1241 229 1289 ad
267 1242 459 1290 thorum
497 1258 636 1307 pares
670 1253 784 1291 sunt
821 1243 1020 1291 maritus
1056 1258 1121 1290 ex
1139 1259 1288 1301 uxor,
1327 1246 1597 1307 ebepost.

173 1311 212 1355 l.
240 1310 353 1358 Cor.
380 1313 425 1360 7.
460 1310 614 1358 multo
650 1321 812 1359 tamen
837 1310 1031 1375 gravius
1069 1321 1143 1358 est
1168 1308 1352 1359 crimen
1377 1312 1594 1360 mulieris

164 1375 449 1425 fornicantis
508 1393 652 1441 quam
695 1377 800 1426 viri.
871 1379 1014 1426 Uxor
1061 1378 1189 1429 enim
1237 1378 1459 1427 adultera
1495 1395 1596 1432 non

160 1444 315 1491 solum
366 1444 512 1492 fldem
557 1444 863 1508 conjugalem
910 1445 1107 1509 frangit,
1147 1456 1200 1502 ut
1248 1445 1463 1503 maritus,
1501 1447 1609 1501 sed,-

161 1526 385 1574 magnam
424 1512 564 1560 affert
594 1512 817 1575 injuriam
863 1523 968 1561 tum
1006 1512 1130 1576 proli
1172 1518 1309 1576 cujus
1345 1514 1593 1562 incertum

161 1577 322 1626 reddit
360 1590 566 1642 patrem,
616 1589 718 1628 tum
765 1579 940 1627 marito
993 1579 1074 1628 cui
1121 1579 1296 1628 falsum
1342 1581 1593 1639 haeredem

157 1646 403 1710 supponit.
472 1646 622 1695 Adde
661 1647 792 1710 quod
818 1647 971 1695 virum
997 1648 1166 1710 majori
1188 1646 1386 1696 infamia
1426 1664 1594 1712 asper-

158 1722 241 1776 gat
273 1728 414 1775 quam
439 1712 593 1776 ipsam
618 1714 817 1763 maritus
841 1713 1051 1762 adulter.
1121 1714 1256 1763 Hinc
1293 1716 1591 1765 adulterium

157 1779 371 1828 mulieris
395 1796 482 1843 per
508 1781 670 1844 Leges
712 1781 879 1834 civiles
914 1781 1114 1845 punitur
1147 1782 1379 1831 severius.
1449 1784 1587 1832 Hinc

156 1846 274 1895 licet
307 1862 370 1895 ex
397 1848 615 1910 Legibus
641 1847 888 1896 canonicis
913 1848 1085 1899 mulier
1123 1865 1220 1896 non
1246 1849 1402 1898 minus
1439 1864 1586 1913 quam

153 1914 354 1962 maritus
388 1916 509 1976 juris
542 1914 722 1964 habeat
763 1915 825 1964 ad
860 1915 1125 1979 petendam
1166 1916 1393 1965 adulterii
1433 1917 1598 1967 causa

152 1982 525 2044 separationem,
563 1998 625 2032 ex
655 1981 1036 2047 jurisprudentia
1062 1993 1223 2032 tamen
1250 1985 1445 2035 Gallica
1482 1982 1601 2037 nou

152 2049 278 2098 solet
302 2048 364 2096 ad
380 2050 766 2113 persequendam
785 2050 1043 2113 juridicam
1058 2052 1413 2116 separationem
1434 2070 1585 2118 profu

151 2126 227 2164 ter
261 2115 347 2163 viri
383 2116 753 2166 fornicationem
801 2117 1021 2176 admitti;
1054 2134 1147 2167 nec
1187 2119 1345 2168 mariti
1391 2121 1585 2171 adulte·-.

149 2183 272 2231 rium
309 2183 511 2248 impedit
548 2185 805 2248 quominus
842 2202 968 2234 uxor
1007 2185 1229 2235 adultera
1265 2187 1314 2233 in
1341 2188 1581 2238 Tribuna-

148 2251 274 2298 libus
299 2251 473 2299 nostris
507 2267 677 2321 severe
701 2253 944 2316 puniatur.
1016 2254 1164 2302 Ratio
1201 2266 1274 2303 est
1299 2256 1413 2319 quia
1437 2256 1581 2306 Judi-

148 2333 230 2366 ces
255 2317 419 2366 civiles
444 2319 503 2367 ad
525 2321 603 2384 jus
640 2320 997 2369 haereditarium
1023 2321 1265 2370 duntaxat
1298 2324 1579 2383 attendunt,

150 2386 282 2448 quod
306 2386 503 2450 quidem
528 2388 756 2446 mulieris,
793 2405 888 2437 non
929 2388 1016 2436 viri
1041 2388 1282 2438 adulterio
1324 2393 1581 2456 perturba·-

151 2464 245 2501 tur.

234 2520 482 2569 Caeterum
520 2518 569 2567 in
607 2520 858 2570 Tribunali
893 2521 1198 2572 Poenitentiae
1239 2524 1575 2576 inhaerendum

118 2601 121 2605 ·
147 2595 219 2634 est
247 2587 486 2636 Ecclesiae
526 2588 795 2653 disciplinae
835 2599 886 2638 et
912 2590 1207 2639 Canonibus.
1282 2593 1330 2641 S.
1361 2594 1577 2643 Thomas

146 2654 195 2700 in
233 2658 279 2702 4.
314 2654 427 2702 dist.
473 2659 553 2705 36.
594 2674 641 2720 q.
689 2661 730 2705 l.
772 2667 861 2705 art.
892 2663 938 2706 4.
987 2657 1235 2708 existimat
1281 2660 1451 2719 virum,
1491 2664 1576 2725 qui

146 2721 447 2770 Sententiam
497 2735 667 2772 contra
715 2725 965 2774 mulierem
1027 2726 1296 2776 adulteram
1346 2729 1574 2785 obtinuit,

145 2804 242 2836 non
283 2804 426 2854 posse
462 2806 520 2840 ea
558 2790 811 2842 Sententia
848 2793 934 2852 uti,
972 2792 1010 2841 si
1036 2795 1208 2844 eodem
1237 2795 1437 2844 crimine
1462 2812 1574 2846 reus

143 2866 235 2905 Sit..

801 2926 833 2976 S
854 2942 874 2973 s
903 2930 931 2976 3
1385 2929 1581 2989 Quaeres
