1846 3250
644 197 740 247 DE
779 193 1071 245 ORDINE.
1504 196 1563 246 61

155 349 230 387 tra
253 336 515 385 Barbosam
541 342 591 382 et
617 333 849 411 quosdam
867 333 986 380 alios
1007 328 1223 380 Collatoi
1245 330 1571 397 Andegaven-

155 408 218 454 sis
243 415 351 470 post
378 406 546 453 Innoc.
572 402 688 449 XII.
712 401 790 464 qui
818 402 884 448 ita
908 400 1111 448 sancivit
1134 400 1183 447 in
1211 401 1571 450 Constitutione

158 490 233 522 an.
264 476 406 522 1694.
431 472 559 520 data.
587 473 666 520 30
703 469 835 517 Nihil
877 469 1081 516 interest
1119 485 1207 516 an
1225 469 1354 517 idem
1392 470 1573 518 benefi-

156 543 284 590 cium
310 541 370 589 sit
395 541 441 586 in
468 538 819 594 commendam,
857 548 942 585 aut
966 537 1106 585 aliter
1129 537 1439 586 residentiam
1464 554 1573 601 pos-

153 610 293 666 tulet,
313 625 372 658 an
392 624 506 665 non,
529 606 761 671 quidquid
779 622 889 653 cum
916 606 1020 653 aliis
1040 606 1280 654 nonnullis
1297 606 1428 654 dicat
1450 607 1577 654 Pon-

157 677 338 735 tasius3
395 677 508 740 quia
555 675 778 722 nimirum
826 691 919 722 nec
965 673 1245 721 Bonifacius
1294 674 1439 722 VIII.
1481 691 1576 724 nec

155 747 328 794 Innoc.
373 745 495 792 XII.
532 759 624 791 nec
666 744 765 790 ulla
806 743 916 791 Lex
958 741 1281 805 distinguunt.
1353 742 1450 791 Ubi
1492 755 1577 792 au-

157 822 263 863 tem
283 815 391 861 Lex
432 829 528 860 non
570 810 841 875 distinguit,
879 827 972 858 nec
998 809 1298 873 distinguere
1325 811 1578 860 debemus.
1612 831 1613 834 ¹

161 887 242 929 4⁰·
270 883 482 945 Oportet
523 890 577 928 ut
618 879 909 928 beneficium
949 896 1045 926 non
1072 878 1352 928 conferatur
1376 880 1423 926 in
1450 880 1577 928 frau-

160 951 289 1007 dem,
331 966 418 997 seu
460 949 522 997 ad
566 947 811 997 Clericum
861 965 888 995 e
931 964 1018 995 sua
1058 948 1278 995 Dioecesi
1317 948 1579 997 extrahen-

158 1019 288 1065 dum.
345 1017 489 1065 Ratio
515 1026 587 1065 est
609 1016 721 1080 quia
746 1016 917 1064 nemini
918 1018 1073 1080 fraus
1089 1017 1389 1079 patrocinari
1408 1024 1577 1081 potest,

158 1103 219 1134 ex
266 1085 512 1133 axiomate
558 1084 707 1134 duris.
802 1084 952 1132 Sacra
1002 1084 1336 1148 Congregatio
1386 1085 1576 1134 Concil.

160 1153 297 1201 Trid.
339 1153 584 1217 Inter-pres
632 1169 743 1200 ann.
790 1155 933 1200 1662.
990 1152 1276 1201 Declaravit
1326 1153 1578 1202 Clericum

157 1221 343 1271 ratione
368 1221 628 1270 beneficii
616 1237 664 1267 m
699 1220 926 1268 flandum
964 1215 1128 1268 collati
1155 1236 1262 1268 esse
1286 1237 1579 1285 suspensum

160 1306 187 1338 a
211 1290 307 1338 suis
334 1285 617 1344 Ordinibus,
654 1306 709 1338 ac
743 1289 785 1337 si
819 1290 869 1337 in
893 1289 1114 1351 susceptis
1140 1288 1390 1339 Ordinibus
1413 1291 1574 1339 minis-

157 1360 353 1407 traverit
376 1357 771 1422 irregularitatem
796 1357 1085 1405 contrahere.

223 1426 293 1485 R.
321 1426 395 1473 2⁰·
423 1427 546 1475 Cum
576 1423 753 1473 Clerici
779 1423 1016 1471 beneficia
1036 1440 1164 1487 saepe
1189 1424 1236 1471 in
1258 1425 1420 1474 multis
1440 1424 1581 1474 Dioe-

160 1493 351 1541 cesibus
377 1493 697 1556 possiderent,
735 1507 826 1539 nec
851 1508 980 1554 saepe
1006 1508 1172 1540 eorum
1194 1509 1354 1541 mores
1379 1494 1576 1556 dignos·

143 1572 387 1610 ‘ce-rentur
411 1562 470 1609 ab
499 1560 755 1624 Episcopis
791 1561 1010 1607 locorum
1053 1560 1101 1606 in
1131 1561 1306 1625 quibus
1339 1562 1581 1611 beneficia

158 1629 460 1687 obtinebant,
490 1629 662 1676 Innoc.
688 1628 805 1675 XII.
841 1637 893 1675 ut
919 1627 1033 1674 huic
1061 1630 1186 1676 malo
1208 1640 1257 1678 et
1283 1629 1388 1677 aliis
1414 1631 1576 1678 multis

161 1708 457 1755 occurreret,
494 1696 557 1743 in
580 1697 722 1744 Bulla
755 1701 855 1757 jam
882 1695 1079 1743 laudata
1113 1713 1189 1745 an.
1228 1701 1371 1747 1694.
1407 1699 1579 1747 statuit

162 1765 388 1817 Clericum
413 1783 501 1815 non
539 1780 674 1831 posse
697 1765 754 1813 ab
779 1765 1005 1829 Episcopo
1045 1767 1226 1814 ratione
1255 1770 1577 1833 cujuscumque

145 1834 366 1898 ‘beneficii
405 1834 453 1882 in
490 1833 615 1881 illius
639 1832 849 1881 Dicecesi
870 1832 1041 1885 obtenti
1080 1836 1145 1882 ad
1170 1836 1368 1883 Ordines
1389 1853 1579 1900 promo-

161 1903 258 1950 veri
297 1901 397 1950 nisi
429 1909 537 1949 ante
561 1919 713 1950 eorum
750 1899 1076 1964 susceptionem
1111 1902 1292 1950 litteras
1327 1903 1577 1952 testimoni-

162 1969 256 2017 ales
298 1969 480 2045 proprii
526 1969 746 2033 Episcopi
780 1976 874 2014 tam
916 1968 1128 2033 Originis
1175 1987 1308 2035 quam
1355 1971 1576 2020 domicilii

161 2054 298 2101 super
337 2036 433 2084 suis
467 2036 712 2090 natalibus,
750 2043 903 2091 certate,
942 2036 1155 2093 moribus,
1192 2039 1288 2086 vita
1311 2038 1578 2096 obtinuerit,

162 2122 323 2170 eosque
371 2105 594 2168 Episcopo
633 2104 888 2161 ordinanti,
924 2103 973 2150 in
1021 2106 1198 2154 actibus
1243 2105 1370 2155 illius
1420 2108 1576 2158 Curiae

162 2173 497 2221 conservandas
524 2172 795 2219 exhibuerit.

231 2241 296 2286 R.
327 2241 404 2288 3⁰·
446 2240 640 2289 Clerum
684 2240 987 2287 Gallicanum
1027 2239 1076 2287 in
1118 2241 1338 2290 Comitiis
1370 2260 1574 2305 genera·
1629 2300 1631 2302 ,

161 2307 286 2355 libus
327 2324 437 2356 ann.
488 2310 634 2359 1657.
676 2308 737 2355 ad
779 2308 996 2355 vitandas
1042 2309 1326 2373 frequentes
1373 2311 1573 2362 fraudes

149 2376 411 2441 'multaque
453 2377 593 2431 mala,
631 2376 876 2424 ordinasse
912 2376 1153 2425 neminem
1195 2378 1297 2426 sine
1331 2395 1573 2429 consensu

164 2442 396 2507 Episcopi
423 2445 617 2508 originis
644 2452 749 2492 esse
775 2444 989 2493 tonsurae
1014 2446 1087 2492 vel
1131 2446 1280 2493 sacris
1307 2447 1573 2496 Ordinibus

147 2511 503 2562 addicendum.
576 2512 719 2561 Unde
758 2512 929 2559 titulus
966 2513 1187 2562 beneficii
1222 2518 1317 2573 jam
1359 2532 1489 2564 nunc
1522 2517 1572 2564 in

143 2579 333 2627 ‘Galliis
360 2580 712 2657 Episcoporufn
740 2596 979 2629 consensu
1022 2591 1072 2628 et
1106 2583 1459 2631 consuetudine
1501 2585 1569 2631 vi-

142 2642 306 2693 ‘detur
327 2648 605 2712 abrogatus,
642 2648 681 2696 si
717 2648 790 2695 foi
796 2660 842 2696 te
869 2651 1101 2711 quosdam
1139 2665 1278 2698 casus
1309 2653 1572 2702 necessita-

163 2713 223 2760 tis
249 2714 479 2778 excipias.

237 2782 422 2835 Quoeres
447 2787 512 2831 8⁰·
547 2800 607 2831 an
647 2784 796 2847 possit
824 2784 1100 2850 Episcopus
1131 2803 1242 2834 suos
1274 2788 1530 2837 subditos
1518 2806 1567 2836 in

164 2847 320 2896 aliena
344 2850 559 2898 Dioecesi
584 2852 841 2901 ordinare?

233 2916 298 2962 R.
323 2918 546 2983 negative,
581 2920 693 2983 quia
718 2920 973 2968 Ordinatio
999 2922 1333 2971 Ministrorum
1359 2933 1432 2970 est
1464 2924 1564 2971 offi-

144 2983 293 3032 cium
346 2984 638 3051 pontificale.
715 2988 867 3036 Porro
915 3006 1011 3038 non
1051 2991 1168 3039 licet
1210 2988 1467 3055 Episcopis
1514 2993 1563 3042 in

491 3056 527 3080 ”
1408 3058 1564 3131 ahena
