1846 3250
573 170 670 218 DE
710 167 1209 218 MATRIMONIO.
1505 166 1601 236 244

184 318 433 370 apponere
457 318 486 351 a
509 301 755 351 resiliente
775 303 1146 366 persolvendam
1169 319 1181 350 ε
1220 317 1262 348 v.
1287 316 1335 364 g.
1359 298 1398 348 si
1423 297 1608 347 resilie-

186 373 267 431 ris,
306 381 502 421 centum
529 385 752 418 nummos
777 369 893 416 mihi
918 372 1114 418 solves?

256 435 849 501 law-‚stipulationem
899 436 1135 499 ejusmodi
1183 449 1342 499 poenae
1389 433 1609 482 illicitam

193 516 299 555 esse
322 520 381 553 ac
405 504 683 561 invalidam,
722 513 774 552 ut
801 514 994 553 constat
1016 504 1118 552 sive
1145 520 1209 551 ex
1250 505 1283 552 J
1289 518 1375 551 ure
1417 501 1616 553 canoni-

193 589 253 622 co
277 588 386 637 cap.
426 574 510 621 29.
552 574 611 621 de
654 570 957 636 Sponsalz'bus
990 579 1034 620 et
1081 571 1363 621 Matrimon.
1398 570 1501 618 sive
1549 584 1614 616 ex

192 638 469 704 Jure'civili
493 640 541 687 in
567 640 709 703 Lege
742 639 874 687 Titia
905 641 1015 688 134.
1031 642 1101 705 ff
1126 639 1183 686 de
1219 637 1467 686 Verborum
1503 635 1616 685 obli-

190 716 295 773 gat.
328 707 431 767 sive
465 724 530 755 ex
565 705 963 771 Jurisprudentia
988 705 1246 755 Curiarum
1283 705 1426 767 hujus
1454 702 1617 766 Regni

193 790 565 839 supremarum;
597 774 699 823 sive
742 774 855 837 quia
897 773 1135 836 eiusmodi
1168 772 1419 836 stipulatio
1456 770 1621 819 matri·

196 842 466 891 moniorum
492 842 702 891 libertati
740 852 908 889 nocet.
1104 887 1107 893 ἶ

266 910 342 957 20·
381 910 633 973 EJ'usmodi
674 909 924 973 stipulatio
965 925 1063 957 non
1105 916 1294 958 tantum
1343 922 1372 954 a
1413 906 1620 968 sponsis,

200 977 288 1026 sed
312 977 373 1025 ab
399 993 567 1025 eorum
607 976 981 1040 consanguineis
1025 976 1101 1024 vel
1144 975 1312 1023 amicis
1360 973 1507 1027 facta,
1559 971 1621 1019 de
1654 1018 1659 1023 ,

200 1045 323 1093 Jure
356 1044 489 1091 nulla
527 1054 631 1100 est;
669 1044 783 1107 quia
820 1043 1112 1091 matrimonii
1154 1043 1431 1091 libertatem
1472 1038 1625 1093 laedit,

201 1126 314 1159 cum
357 1111 563 1175 quisque
602 1112 832 1159 cordatus
871 1112 1007 1159 malit
1036 1127 1089 1159 se
1127 1127 1271 1175 quam
1320 1108 1504 1156 amicos
1548 1109 1623 1155 vel

204 1178 595 1241 consanguineos
621 1179 867 1227 sui‘causa
889 1179 1119 1226 damnum
1146 1177 1263 1241 pati.

272 1245 348 1292 3⁰·
387 1246 494 1294 Nec
536 1247 697 1294 valent
738 1247 838 1293 istae
877 1245 1217 1309 stipulationes
1236 1242 1455 1308 quamvis
1494 1246 1625 1303 jura-

205 1323 371 1361 mento
411 1313 626 1370 firmatae,
665 1314 765 1371 siv-e
808 1314 855 1359 in
894 1314 1002 1360 foro
1044 1313 1235 1360 interno
1274 1311 1374 1360 sive
1421 1310 1470 1356 in
1518 1308 1625 1356 foro

206 1390 431 1438 externo,
456 1396 570 1428 cum
605 1381 801 1428 minime
824 1381 984 1437 liceat„
985 1384 1318 1442 juramentum
1340 1388 1512 1426 contra
1531 1375 1628 1424 Le-

207 1462 295 1510 ges
331 1448 514 1495 factum
541 1447 824 1511 adimplere.

275 1517 342 1560 40·
381 1515 431 1562 Si
472 1515 577 1578 quis
622 1525 784 1562 tamen
826 1514 986 1562 sciens
1024 1529 1076 1561 se
1117 1513 1179 1561 ad
1214 1511 1503 1560 solvendum
1531 1524 1629 1556 non

206 1580 429 1644 obligari,
456 1598 608 1645 poenae
633 1575 864 1630 resilienti
904 1580 1142 1644 impositae
1177 1578 1490 1634 satisfecerit,
1528 1592 1625 1624 non

210 1659 423 1706 tenetur,
462 1650 524 1696 ad
572 1648 930 1696 restitutionem
956 1648 1036 1709 qui
1080 1645 1501 1705 conventionalem
1546 1660 1632 1707 pe-

207 1715 369 1764 cuniae
413 1731 649 1764 summam
690 1716 912 1779 recepit3
947 1715 1060 1777 quia
1097 1715 1145 1761 in
1186 1730 1247 1762 eo
1284 1728 1401 1761 casu
1444 1711 1632 1759 donans

210 1783 271 1830 de
296 1794 385 1830 suo
401 1788 513 1851 jure
539 1783 760 1842 cessisse,
798 1793 849 1831 et
872 1783 1087 1846 gratuito
1112 1781 1174 1830 ad
1207 1780 1487 1829 leniendum
1525 1794 1634 1843 par-

210 1849 271 1912 tis
309 1849 435 1907 laesae
478 1867 738 1899 moerorem
778 1866 841 1897 ex
884 1848 1254 1912 agendiratione
1292 1864 1381 1895 sua
1423 1861 1636 1908 concep-

211 1927 332 1973 tum,
392 1934 489 1965 non
537 1918 581 1963 vi
630 1916 977 1981 promissionis,
1037 1916 1231 1963 dedisse
1279 1924 1523 1970 censetur,
1581 1911 1633 1962 Si

212 2000 328 2031 vero
368 1984 449 2046 qui
491 1984 650 2041 solvit,
689 2000 752 2031 ex
790 1996 954 2031 errore
991 1982 1343 2031 existimaverit
1366 1981 1516 2030 se‘ad
1540 1980 1636 2028 sol-

214 2050 427 2098 vendum
455 2051 676 2115 obligari,
716 2050 798 2115 qui
836 2051 1067 2098 mulctam
1100 2049 1302 2113 recepit,
1339 2064 1437 2095 non
1473 2058 1637 2112 potest

215 2133 322 2165 eam
349 2118 577 2177 retinere,
615 2117 730 2182 quia
754 2118 939 2173 donans
963 2129 1027 2167 ex
1054 2132 1218 2167 errore
1243 2116 1509 2164 dominium
1534 2131 1634 2164 non

213 2185 458 2245 transfert.
662 2236 667 2241 ,
797 2200 802 2207 “

284 2256 351 2301 5⁰·
387 2252 438 2313 Si
480 2253 603 2324 quis,
642 2252 798 2310 'altera
844 2261 983 2315 parte
1024 2251 1289 2310 resiliente,
1339 2250 1639 2316 sponsalium

214 2315 483 2368 occasione
521 2320 760 2383 impensas
807 2319 1001 2378 fecerit,
1050 2330 1136 2368 aut
1183 2320 1414 2368 damnum
1451 2334 1632 2382 passus

215 2387 379 2445 fuerit,
407 2442 411 2447 ,
439 2386 601 2435 damni
648 2387 769 2435 illati
824 2387 1181 2451 reparationem
1242 2403 1404 2436 coram
1453 2386 1640 2437 Judice

216 2454 343 2502 laico
379 2454 604 2519 repetere
647 2465 825 2523 potest.
892 2455 1019 2503 Inde
1054 2455 1329 2519 aliquando.
1353 2455 1537 2503 factum
1565 2462 1640 2503 est

219 2531 273 2569 ut
317 2522 474 2569 Curiae
519 2536 753 2587 supremae
798 2532 986 2585 partem
1036 2522 1333 2570 resilientem
1380 2521 1642 2570 damnave-

220 2588 403 2650 rint'ad
437 2589 719 2638 solvendam
745 2589 974 2638 mulctam
1000 2588 1126 2639 inter
1163 2589 1512 2640 contrahentes
1537 2605 1645 2638 ma-

212 2659 344 2715 j0res
380 2665 628 2713 statutam,
681 2672 779 2703 non
825 2656 1026 2719 quidem
1080 2666 1135 2705 ut
1187 2672 1399 2720 poenam,
1453 2657 1541 2705 sed
1590 2666 1644 2704 ut

223 2720 385 2798 damni
419 2723 772 2786 reparationem
798 2740 827 2785 a
864 2724 1082 2787 partibus
1112 2724 1521 2778 ‘contrahentibus
1558 2723 1645 2772 de·

221 2798 545 2837 terminatam.

296 2855 456 2954 ἑζξιεν.
493 2859 563 2905 2⁰·
601 2866 761 2907 utrum
802 2858 957 2908 arrhae
997 2858 1184 2924 possint
1214 2857 1520 2925 sponsalibus
1548 2857 1645 2921 >ap·

221 2937 361 2986 ponr.
1072 2944 1082 2953 ·
