1846 3250
580 194 675 242 DE
715 187 1208 243 MATRIMO'NIO.
1518 182 1622 244 5227.
1692 188 1697 193 '

220 324 408 378 Servari
433 324 609 395 poterit
644 329 725 377 illa
760 331 934 393 praxiS,
962 329 1095 393 quia·
1115 339 1234 378 tunc
1259 330 1421 394 Leges
1456 330 1618 379 eccle-

220 399 423 446 siasticae
459 398 634 459 quibus*
670 398 782 445 solis
820 398 924 445 haec
946 398 1252 446 >matrimonia
1286 396 1617 463 prohibentur,

213 465 532 514 desuetudine
558 465 805 529 tacitoque
831 466 1187 530 Episcoporum
1215 478 1262 515 et
1303 466 1389 516 SS.
1419 466 1619 527 Pontifi-

214 530 323 582 cum
350 536 604 591 consensu,
648 545 701 581 ut
726 534 827 581 vult
852 535 1166 592 Isambertus,
1194 544 1453 584 censentur
1477 536 1619 584 abro-

210 611 351 665 gatae.
1567 629 1571 631 ·

215 699 219 702 -
275 670 355 715 50·
393 669 667 733 Disputant'
683 668 809 717 inter
827 686 878 717 se
897 668 1136 731 Theologi
1163 672 1321 717 utrum
1348 670 1428 718 illa
1453 671 1617 726 matris

209 735 389 792 monia,
422 739 461 785 si
488 738 630 799 justis
656 738 717 785 de
743 739 898 785 causis
924 737 1291 795 contrahuntur,
1330 756 1439 786 cum
1467 741 1615 788 bene·

209 805 423 853 dictione
448 805 649 868 nuptiali
677 803 968 855 celebranda
992 807 1101 863 sint,
1124 816 1284 853 utrum
1316 807 1620 857 Sacramenti

206 873 440 923 rationem
468 874 693 928 habeant,
720 886 769 922 et
805 885 963 922 utrum
1000 874 1225 936 aliquam,
1263 885 1347 922 aut
1370 874 1418 921 in
1443 876 1618 940 recipi-

207 951 321 989 ente
345 953 425 989 aut
464 942 511 988 in
550 943 828 990 celebrante
853 953 936 991 aut
976 943 1024 989 in
1062 942 1370 1006 dispensante
1394 944 1619 1007 profana-

206 1008 385 1056 tionem
407 1009 666 1072 importent
684 1012 701 1059 ?

274 1077 358 1124 Ad
382 1077 504 1124 hanc
530 1079 841 1144 quaestionem
870 1077 1126 1133 difficilem,
1155 1078 1444 1142 quaeque'ad
1470 1096 1624 1143 prax-,

203 1143 278 1190 im'
305 1145 620 1210 attinetresp.
652 1149 726 1194 10.
753 1146 1028 1194 moris'non
1059 1163 1171 1196 ‚esse
1205 1159 1257 1195 ut
1283 1147 1539 1196 Catholieo
1564 1161 1616 1198 et

205 1212 456 1261 Haeretico
491 1214 682 1277 nuptias
719 1216 1077 1264 celebrantibus
1113 1215 1421 1280 impendatur
1466 1217 1615 1266 bene·

206 1278 373 1328 dictio.
441 1282 501 1331 Id·
534 1282 1028 1344 prohibuit'Clemens
1053 1282 1198 1332 VIII.
1235 1294 1360 1333 teste
1401 1285 1611 1344 Colleto,

205 1357 321 1413 tom.
351 1352 429 1396 14.
452 1349 566 1415 edit.
594 1349 641 1395 in
670 1354 744 1417 807
778 1368 828 1417 p.
878 1356 985 1400 167.
1054 1352 1114 1400 Id
1156 1353 1351 1400 omnino
1388 1353 1611 1401 illicitum

204 1426 295 1474 est,
326 1432 442 1464 cum
468 1419 739 1467 reverentia
767 1421 1108 1468 Sam-amentis·
1133 1420 1297 1469 debita
1339 1420 1535 1484 exigat,·
1559 1436 1615 1471 ut

200 1483 307 1531 haec
331 1501 423 1532 nec
449 1485 745 1548 recipiantur
768 1488 816 1534 in
853 1498 982 1536 statu
1007 1489 1199 1552 peccati
1236 1489 1482 1545 mortalis;
1516 1506 1611 1538 nec

137 1563 139 1566 ·
203 1551 415 1601 scienter
456 1553 770 1602 conferantur
808 1555 986 1602 homini
1013 1566 1270 1620 peccatum
1300 1558 1500 1606 mortale
1524 1558 1613 1605 ha-

201 1620 357 1678 benti,
392 1621 585 1686 quando
609 1633 867 1686 peccatum
890 1624 1039 1671 fuerit
1064 1625 1322 1683 notorium,
1349 1624 1500 1686 qualis
1538 1637 1615 1675 est-

203 1687 435 1742 haeresis.·
510 1689 778 1754 Necvipse-
805 1692 852 1739 S.
882 1692 1113 1740 Pontifex
1141 1692 1289 1740 habet
1313 1703 1609 1757 potestatem

194 1757 422 1804 muta-ndi
442 1754 523 1820 jus
547 1774 644 1805 non
668 1760 812 1807 modo
839 1759 1069 1820 divinum,
1106 1762 1194 1810 sed
1218 1761 1364 1809 etiam
1389 1763 1612 1812 naturale

199 1833 258 1872 ut>
305 1825 641 1879 Sacramenta
674 1828 820 1891 digne
881 1839 928 1876 et
981 1840 1263 1877 reverenter
1323 1840 1610 1880 tractentur.

201 1892 664 1943 Hincffiatrinmnia
699 1896 762 1944 de
787 1896 962 1960 quibus
987 1897 1164 1961 agitur,
1192 1896 1486 1961 ‘quando-ex
1511 1899 1611 1947 dis-

199 1964 483 2026 pensatione
512 1959 562 2010 S'.
591 1964 839 2012 Pontificis
860 1966 1229 2025 contrahuntur,
1266 1967 1439 2024 solent,
1466 1966 1513 2019 in
1538 1966 1611 2015 lo-

204 2029 273 2077 cis
310 2031 389 2078 ubi
426 2032 558 2095 viget
584 2032 870 2081 Tridentina
906 2033 1176 2099 disciplina,
1220 2033 1455 2084 celebrari
1491 2045 1607 2088 ante

193 2103 390 2159 januam
411 2096 642 2148 Ecclesiae
664 2118 823 2150 coram
850 2102 1053 2151 testibus
1079 2112 1126 2151 et
1148 2103 1371 2151 Parocho
1396 2103 1477 2168 qui
1502 2119 1611 2169 par-

199 2166 326 2220 tium⁴
353 2169 761 2218 contrahentium
805 2187 1091 2219 consensum
1128 2172 1317 2236 recipit,
1366 2173 1509 2221 nulla
1537 2174 1607 2222 eis

200 2234 418 2298 impensa
438 2237 776 2286 benedictione
796 2239 1015 2303 nuptiali.
1086 2240 1162 2288 Ita
1185 2241 1287 2289 fieri
1313 2240 1455 2290 solet.
1532 2242 1611 2291 Ita

195 2302 398 2350 factum<
430 2317 502 2353 est
548 2304 596 2352 in
639 2308 941 2355 matrimonio
980 2308 1212 2357 Henricae
1237 2308 1404 2374 ‚Regis
1451 2310 1604 2358 nostri

194 2371 433 2422 Ludovici
459 2374 606 2421 XIII.
640 2376 816 2423 sororis
853 2394 962 2424 cum
1000 2377 1253 2441 anglorum
1282 2379 1420 2440 Rege
1453 2379 1605 2427 Caro-

196 2439 244 2487 lo
269 2440 308 2486 I.

266 2507 357 2555 His
382 2509 546 2571 positis
570 2527 689 2577 resp.
714 2513 790 2557 20·
827 2511 1128 2561 matrimonia
1152 2514 1213 2562 de
1239 2514 1412 2577 quibus
1444 2513 1606 2577 agitur

203 2575 498 2625 Sacramenti
538 2579 769 2627 rationem
814 2596 909 2626 non
948 2581 1146 2638 habere,
1183 2581 1420 2647 siquidem
1455 2584 1603 2632 bene·

199 2642 349 2690 dictio
384 2644 607 2709 nuptialis
631 2663 659 2695 a
686 2648 951 2696 Sacerdote
989 2650 1194 2713 prolata,
1233 2661 1305 2698 est
1329 2645 1483 2699 forma
1518 2651 1603 2699 Sa-

197 2711 428 2759 cramenti
472 2713 785 2773 Matrimonii,
820 2727 873 2763 ut
921 2728 1091 2781 postea
1139 2718 1415 2767 certissimis
1457 2735 1602 2783 argu·-

195 2778 367 2826 mentis
415 2782 740 2849 ostendemus.
812 2785 936 2832 Cum
973 2785 1138 2850 itaque
1176 2787 1454 2835 benedictio
1495 2788 1600 2835 haec

193 2846 242 2892 in
283 2845 339 2894 iis
374 2849 685 2904 matrimoniis
727 2852 867 2909 desit,
905 2869 963 2901 ea
998 2865 1109 2902 sunt
1146 2865 1427 2903 contractus
1464 2871 1598 2903 mere

192 2911 373 2975 civiles,
410 2932 527 2980 quos
553 2917 775 2970 Ecclesia
809 2937 897 2988 per
920 2938 1054 2971 suam
1080 2923 1486 2988 dispensationem
1513 2928 1607 2971 ne-'

707 2999 710 3002 ’
1396 2989 1594 3054 quidem
