1846 3250
575 211 675 261 DE
715 207 1215 260 MATRIMONIO,
1517 211 1617 261 379

172 348 314 387 erant
367 337 677 387 anathemate
736 335 889 399 digni,
946 351 1043 382 non
1091 343 1254 382 autem
1307 333 1606 391 orthodoxi,

176 408 259 469 qui
314 423 424 454 cum
494 404 659 453 multis
708 402 916 452 Concilii
964 400 1238 451 Tridentini
1311 402 1604 450 Praesulibus

175 474 344 522 eadem
383 472 686 520 matrimonia
721 472 956 533 deinceps
1007 469 1241 517 irritanda
1290 485 1397 518 esse
1434 486 1605 518 cense-

173 541 314 597 bant,
343 541 498 604 idque'
537 556 649 588 cum
700 539 853 602 Regis
888 538 1062 586 Galliae
1107 537 1395 585 Oratoribus
1434 555 1605 602 preca·

170 609 362 655 bantur.
437 607 570 671 Ergo
601 606 939 655 Tridentinum
983 605 1242 652 anathema
1275 604 1463 666 priores
1496 617 1603 653 tau-

170 674 257 737 git,
295 692 391 723 non
416 675 738 737 posteriores;
774 690 866 722 nec
905 672 1110 735 proinde
1153 672 1322 719 definit
1365 674 1415 721 S.
1445 674 1604 737 Syno-

171 742 262 790 dus
298 743 344 788 in
383 753 631 806 posterum
669 759 756 805 pro
791 741 962 790 validis
1014 740 1240 788 habenda
1280 756 1385 788 esse
1434 747 1604 804 conju-

171 810 253 872 gia
288 810 702 858 filiorumfamilias
739 809 843 857 sine
886 824 1126 856 consensu
1168 819 1424 870 parentum
1465 809 1600 866 inita,

172 878 317 924 etiam
354 877 403 924 in
440 878 494 926 iis
545 878 665 926 locis
721 878 804 925 ubi
854 877 1071 940 Legibus
1121 874 1403 939 Principum
1446 876 1602 925 irrita-

176 955 360 993 rentur.

242 1013 308 1059 Et
349 1029 464 1060 vero
504 1023 696 1061 constat
737 1030 800 1062 ex
843 1009 1121 1060 Palavicino
1163 1009 1246 1057 lib.
1283 1012 1330 1057 2.
1368 1011 1603 1059 Cardina-

171 1080 267 1126 lem
306 1096 335 1126 a
385 1080 705 1144 Lotharingia
743 1090 794 1128 et
837 1080 1069 1127 Oratores
1110 1076 1272 1126 Caroli
1315 1079 1405 1125 IX.
1450 1080 1603 1141 Reois

174 1146 346 1193 Galliae
371 1164 399 1195 a
428 1148 526 1195 PP.
550 1148 771 1202 Trident.
809 1147 1078 1209 postulasse
1110 1153 1161 1194 ut
1186 1146 1432 1194 redderent
1459 1148 1601 1194 irrita

172 1215 468 1263 matr-emenia
499 1233 527 1263 a
544 1215 674 1277 filzis
714 1216 887 1277 absque
936 1231 1155 1263 consensu
1197 1222 1447 1279 parentum
1495 1232 1603 1262 con-

172 1288 341 1329 tracta.
412 1283 558 1345 Quod
598 1283 798 1347 quidem
839 1281 964 1329 adeo
1002 1297 1194 1344 aequum
1223 1280 1375 1328 visum
1420 1287 1513 1336 est,
1550 1296 1608 1330 ut

175 1348 447 1397 Decretum
479 1354 624 1411 juxta
659 1367 826 1398 emum
870 1359 984 1397 vota
1018 1349 1226 1412 primum
1297 1349 1606 1398 efformatum

171 1415 336 1464 fuerit.
409 1418 530 1471 Quis
565 1428 729 1467 autem
766 1416 1032 1465 crediderit
1071 1416 1381 1465 Cardinalem
1430 1433 1458 1463 a
1506 1417 1606 1465 Lo-

173 1483 416 1547 tharingia
450 1496 499 1533 et
538 1486 773 1533 Oratores
828 1485 997 1533 Gallos
1048 1483 1365 1538 obmutuisse,
1418 1485 1458 1532 si
1506 1502 1605 1543 non

173 1552 330 1600 solum
356 1568 384 1599 a
407 1568 493 1629 spe
518 1569 606 1601 sua
629 1552 807 1615 dejecti
831 1551 1054 1607 fuissent,
1092 1551 1179 1598 sed
1223 1562 1269 1598 et
1298 1552 1604 1615 disciplinam

174 1636 319 1681 quarn
361 1620 477 1667 totis
520 1621 699 1669 viribus
737 1620 1104 1684 promovebant,
1141 1619 1453 1667 anathemate
1495 1637 1606 1682 per-

176 1687 287 1734 celli
313 1687 586 1735 vidissent?

240 1754 389 1802 Proh.
415 1757 480 1800 20·
518 1756 738 1803 Decreto
773 1753 1062 1803 Tridentino
1107 1752 1426 1817 proscribitur
1469 1770 1605 1802 error

175 1830 293 1868 tunc
314 1820 563 1878 existens,
600 1839 698 1869 non
734 1832 897 1870 autem
946 1822 1141 1869 futurus
1179 1838 1242 1869 ex
1277 1821 1443 1869 futura
1477 1822 1607 1869 forte

176 1888 291 1936 huic
330 1890 549 1938 Deci-eto
585 1890 932 1944 inobedientia,
995 1899 1046 1936 ut
1106 1899 1242 1952 patet
1283 1888 1357 1949 his
1396 1890 1608 1937 Concilii

172 1954 365 2004 'verbisz
403 1958 498 2005 Eos
544 1959 757 2021 Synodus
797 1958 1091 2005 anathemate
1132 1957 1327 2003 damnat
1366 1956 1608 2021 quistzlso

173 2024 411 2087 affirmant
447 2025 761 2081 matrimonia,
811 2024 890 2085 ὅγε.
986 2022 1138 2085 Atqui
1181 2022 1220 2070 si
1274 2024 1607 2073 Protestantes

177 2091 451 2154 exceperis,
490 2107 633 2139 nemo
670 2102 775 2139 erat
811 2091 893 2154 qui
930 2100 1045 2139 actu
1096 2101 1145 2138 et
1190 2096 1291 2153 jam
1329 2100 1447 2139 tunc
1482 2092 1607 2140 falso

176 2158 435 2206 affirmaret
482 2159 691 2207 filiorum
733 2158 1053 2215 matrimonia,
1107 2158 1608 2221 invitis‘parentibus‚

177 2236 448 2282 contracta,
486 2227 559 2275 vel
587 2243 674 2290 per
698 2243 750 2274 se
774 2226 909 2274 irrita
935 2242 1057 2283 esse,
1084 2227 1160 2274 vel
1202 2230 1306 2273 sola
1345 2236 1603 2289 parentum

176 2293 427 2341 voluntate
452 2293 556 2341 fieri
582 2311 725 2358 posse
750 2293 901 2342 irrita.
992 2294 1127 2357 Ergo
1178 2294 1310 2341 solus
1351 2293 1433 2342 ille
1471 2310 1606 2343 error

172 2360 509 2421 proscribitur,
547 2376 641 2410 nec
676 2362 966 2410 damnantur
1014 2361 1047 2407 ii
1102 2361 1182 2423 qui
1234 2362 1283 2408 in
1354 2372 1607 2425 posterum

177 2428 315 2476 Trid.
362 2429 582 2477 Decreto
618 2430 915 2487 resistentes,
959 2429 1251 2477 affirmarent
1302 2429 1609 2476 matrimonia

175 2494 590 2545 filiorumfamilias
626 2497 729 2545 sine
767 2513 1008 2545 consensu
1052 2506 1310 2560 parentum
1363 2496 1481 2545 inita
1518 2513 1607 2559 pro

176 2562 345 2610 validis
376 2563 600 2612 habenda
624 2581 746 2629 esse,
783 2565 931 2614 etiam
971 2564 1021 2613 in
1045 2563 1164 2612 locis
1192 2563 1273 2613 ubi
1300 2579 1358 2613 ea
1386 2563 1609 2630 Legibus

181 2629 438 2680 civilibus
426 2631 746 2683 irritarentur.

779 3025 883 3088 ΚΤ(
908 3044 951 3087 .3
1187 3028 1617 3112 Pnoposi‘rio
