1846 3250
257 190 357 239 220
740 181 1169 237 T‘RACTATUS

254 326 535 374 dos-omnes
567 320 839 384 scrupulos,
876 330 930 369 ut
970 332 1132 386 partes
1173 339 1279 387 quae
1316 340 1403 387 per
1426 324 1662 374 Procura-

255 404 410 442 torem
447 400 813 446 contraxerunt,
872 405 959 452 per
1002 407 1055 438 se
1100 390 1227 455 ipsas
1263 409 1424 440 coram
1462 393 1663 443 testibus

241 471 328 509 -etr
365 457 602 514 Paroctm,
663 457 1004 521 consuetisque
1067 459 1465 519 solemnitatibus,
1525 468 1664 509 reno-

240 537 371 576 ==vent
406 541 695 575 consensum
753 541 895 587 quem
952 527 1195 575 secundus
1254 527 1493 577 Sacerdos
1551 546 1667 577 con-

252 595 488 644 ditionate
524 604 703 652 tamen,
757 603 807 641 et
857 592 906 639 in
942 606 1176 658 quantum
1211 611 1331 659 opus
1367 607 1456 656 est,
1494 598 1667 645 confir-

242 662 420 713 mabit.
1139 688 1141 691 ⁴

318 732 466 780 Dices
496 733 570 777 1⁰·
592 728 705 777 Alia
732 728 1043 778 Sacramenta
1084 746 1180 778 non
1222 740 1422 794 possunt
1453 732 1665 781 absenti-

236 802 344 850 -bus
367 815 455 864 per
475 798 826 846 Procuratores
850 798 1074 845 conferri.
1166 799 1300 846 Hinc
1342 799 1569 848 damnata
1592 811 1667 849 est.

236 868 563 919 -aClemente
588 865 733 914 VIII.
769 865 991 913 doctrina
1034 867 1351 928 quorumdam
1377 868 1458 931 qui
1483 877 1667 917 assere-

241 939 370 986 bant
392 933 744 983 absolutionem
770 949 911 998 posse
936 949 1022 998 per
1045 934 1230 983 litteras
1249 935 1530 985 absentibus
1547 935 1665 985 dari.

236 1005 389 1068 --Ergo
413 1019 507 1052 nec
532 1002 915 1059 Matrimonium,
936 1007 1023 1050 &c.
1575 1032 1578 1034 >

320 1073 387 1120 R.
410 1088 457 1119 n.
481 1088 657 1136 conseq.
679 1078 724 1118 et
745 1071 888 1135 parit.
930 1069 1076 1118 Ratio
1117 1070 1409 1135 disparitatis
1450 1081 1522 1120 est
1555 1072 1666 1134 quia

252 1138 622 1189 Matrimonium
648 1148 721 1186 est
747 1148 1041 1186 contractus.
1129 1140 1199 1186 At
1225 1155 1338 1187 vero
1388 1148 1666 1188 contractus

253 1207 381 1256 inter
403 1207 629 1255 absentes
655 1222 742 1270 per
766 1206 1156 1263 Procuratorem,
1192 1207 1385 1255 nemine
1417 1207 1666 1264 diffitente,

251 1275 425 1340 perfici
449 1284 667 1340 possunt.
762 1274 874 1321 Alia
897 1283 1059 1322 autem
1087 1274 1400 1323 Sacramenta
1425 1286 1519 1323 non
1558 1286 1669 1323 sunt

256 1352 553 1394 contractus.

236 1446 239 1448 >
308 1411 566 1474 :Magnum
602 1419 675 1457 est
712 1408 838 1457 inter
881 1408 1244 1456 Matrimonium
1283 1420 1330 1458 et
1367 1410 1672 1459 Poenitentiae

243 1480 629 1529 >Sacramentum
656 1476 930 1524 discrimen.
1018 1477 1143 1524 Nam
1172 1477 1476 1526 Poenitentiae
1502 1479 1673 1527 Sacra-

256 1558 475 1595 mentum
523 1556 597 1593 est
643 1556 832 1594 certam
858 1545 1031 1606 Judicii
1078 1561 1249 1608 genus,
1295 1546 1424 1610 quod
1462 1556 1671 1610 pronun-

241 1615 487 1664 tiari-non
512 1622 688 1676 potest,
724 1612 814 1660 nisi
853 1612 1063 1674 cognitis
1100 1630 1129 1660 a
1172 1613 1479 1662 Confessario
1512 1616 1670 1678 requi-

256 1683 360 1732 sitis
397 1682 445 1728 in
483 1680 758 1730 Poenitente
813 1680 1221 1743 dispositionibus.
1313 1682 1427 1728 Non
1461 1694 1671 1746 possunt

259 1763 423 1800 autem
448 1747 1098 1813 dispositiones‘l’oenitentis
1130 1749 1188 1795 ad
1230 1750 1555 1811 recipiendam
1592 1752 1674 1798 ab·

244 1817 552 1867 »solutionem
587 1815 829 1879 requisitae
864 1832 891 1863 a
935 1814 1240 1864 confessario
1300 1817 1546 1879 cognosci,
1584 1818 1672 1864 nisi

242 1885 513 1938 >Poenitens
538 1884 618 1931 ille
645 1898 853 1948 praesens
888 1882 964 1940 sit,
1000 1883 1305 1945 infirmasque
1331 1884 1503 1932 mentis
1529 1884 1674 1932 affec-

263 1957 421 2004 tiones
446 1951 646 2017 aperiat.
732 1952 812 1998 Ad
837 1950 1199 1998 Matrimonium
1224 1967 1339 1998 vero
1363 1952 1537 1999 sufficit
1562 1968 1677 2000 con·

261 2038 431 2073 sensus
457 2021 538 2086 qui
564 2021 610 2065 in
646 2020 866 2067 omnibus
911 2019 1240 2068 contractibus
1275 2035 1363 2083 per
1389 2020 1678 2068 Procurato-

261 2108 365 2141 rem
390 2089 494 2137 dari
517 2097 695 2151 potest.

333 2160 452 2207 1ηεί.
491 2157 538 2204 Si
567 2154 932 2206 Matrimonium
973 2168 1060 2217 per
1104 2154 1476 2202 Procuratorem
1507 2154 1677 2203 initum

269 2223 568 2276 Sacramenti
628 2223 859 2269 rationem
920 2220 1109 2277 habeat,
1192 2223 1411 2285 sequitur
1467 2224 1674 2285 aliquem

265 2293 486 2344 Gratiam
524 2291 741 2353 recipere
794 2287 1094 2346 dormiendo,
1153 2290 1192 2336 si
1250 2300 1367 2337 tunc
1426 2290 1679 2338 contrahat

271 2361 708 2426 ejusProcurator.
778 2357 934 2420 Atqui
961 2357 1079 2403 illud
1105 2367 1360 2420 repugnat.

338 2430 406 2477 R.
443 2445 491 2476 n.
527 2427 635 2474 min.
675 2425 723 2474 Si
765 2425 890 2472 enim
929 2424 1135 2472 infantes
1177 2436 1226 2472 et
1267 2423 1418 2471 insani
1461 2425 1679 2473 Gratiam

272 2515 360 2563 per
388 2496 684 2559 Baptismum
721 2492 978 2556 recipiunt,
1015 2491 1231 2557 quamvis
1256 2492 1316 2540 de
1342 2508 1400 2539 ea
1423 2503 1541 2540 tunc
1567 2493 1683 2539 nihil

276 2564 511 2628 cogitent,
572 2579 659 2609 cur
718 2560 1010 2608 dormientes
1055 2560 1286 2608 'Gratiam
1335 2560 1553 2625 recipere
1589 2577 1684 2607 non

275 2642 473 2698 possent
495 2631 541 2678 {2'
574 2631 816 2677 Caeterum
858 2628 1060 2692 expedit
1088 2639 1141 2676 ut
1166 2629 1508 2677 contrahentes
1531 2629 1685 2677 sei-ant

277 2713 467 2763 tempus
493 2714 589 2761 quo
616 2697 957 2745 celebrandum
1000 2696 1060 2743 sit
1102 2712 1268 2744 eorum
1303 2696 1686 2757 Matrimonium,

280 2786 332 2817 ut
358 2764 532 2829 nempe
557 2782 644 2827 per
667 2766 717 2812 id
741 2765 969 2827 temporis
1008 2764 1070 2812 ad
1111 2764 1331 2812 Gratiam
1359 2764 1684 2829 recipiendam

279 2852 384 2886 sese
409 2834 680 2897 disponant.
733 2866 735 2869 -
918 2836 921 2846 “
1214 2851 1220 2855 ·

290 2908 293 2911 ’
345 2902 689 2951 4Ιηεΐ.τ’ἱίενιιικη.
731 2899 910 2947 Saltem
946 2898 1166 2963 sequitur
1190 2899 1557 2948 contrahentem
1578 2897 1691 2944 'dor-

283 2969 725 3033 miendopeccare,
761 2967 800 3019 si
841 2984 1017 3033 nempe
1048 2968 1311 3018 contrahat
1359 2968 1485 3016 illius
1511 2967 1693 3014 Procu-

1541 3044 1689 3091 rator,
