<?xml version="1.0" encoding="UTF-8"?>
<!DOCTYPE html PUBLIC "-//W3C//DTD XHTML 1.0 Transitional//EN"
    "http://www.w3.org/TR/xhtml1/DTD/xhtml1-transitional.dtd">
<html xmlns="http://www.w3.org/1999/xhtml" xml:lang="en" lang="en">
 <head>
  <title>
</title>
<meta http-equiv="Content-Type" content="text/html;charset=utf-8" />
  <meta name='ocr-system' content='tesseract 3.04.00' />
  <meta name='ocr-capabilities' content='ocr_page ocr_carea ocr_par ocr_line ocrx_word'/>
</head>
<body>
  <div class='ocr_page' id='page_1' title='image "./theologica00bailuoft_0240.png"; bbox 0 0 1846 3250; ppageno 0'>
   <div class='ocr_carea' id='block_1_1' title="bbox 254 154 1181 209">
    <p class='ocr_par' dir='ltr' id='par_1_1' title="bbox 254 154 1181 209">
     <span class='ocr_line' id='line_1_1' title="bbox 254 154 1181 209; baseline 0.002 -2"><span class='ocrx_word' id='word_1_1' title='bbox 254 154 354 207; x_wconf 71' lang='lat'>236</span> <span class='ocrx_word' id='word_1_2' title='bbox 749 156 1181 209; x_wconf 86' lang='lat' dir='ltr'><strong>TRACTATUS</strong></span> 
     </span>
    </p>
   </div>
   <div class='ocr_carea' id='block_1_2' title="bbox 254 279 1689 2961">
    <p class='ocr_par' dir='ltr' id='par_1_2' title="bbox 254 279 1685 614">
     <span class='ocr_line' id='line_1_2' title="bbox 254 279 1685 347; baseline 0.002 -14"><span class='ocrx_word' id='word_1_3' title='bbox 254 284 384 333; x_wconf 81' lang='lat' dir='ltr'>Haec</span> <span class='ocrx_word' id='word_1_4' title='bbox 409 289 571 329; x_wconf 88' lang='lat' dir='ltr'>autem</span> <span class='ocrx_word' id='word_1_5' title='bbox 597 279 749 329; x_wconf 87' lang='lat' dir='ltr'>vetita</span> <span class='ocrx_word' id='word_1_6' title='bbox 771 290 883 330; x_wconf 87' lang='lat' dir='ltr'>sunt</span> <span class='ocrx_word' id='word_1_7' title='bbox 908 298 969 331; x_wconf 88' lang='lat' dir='ltr'>ne</span> <span class='ocrx_word' id='word_1_8' title='bbox 993 283 1156 347; x_wconf 88' lang='lat' dir='ltr'>sponsi</span> <span class='ocrx_word' id='word_1_9' title='bbox 1195 284 1245 331; x_wconf 87' lang='lat' dir='ltr'>id</span> <span class='ocrx_word' id='word_1_10' title='bbox 1281 283 1369 333; x_wconf 83' lang='lat' dir='ltr'>sibi</span> <span class='ocrx_word' id='word_1_11' title='bbox 1409 286 1561 336; x_wconf 85' lang='lat' dir='ltr'>licere</span> <span class='ocrx_word' id='word_1_12' title='bbox 1594 303 1685 336; x_wconf 79' lang='lat' dir='ltr'>ex-</span> 
     </span>
     <span class='ocr_line' id='line_1_3' title="bbox 254 348 1680 417; baseline 0.003 -19"><span class='ocrx_word' id='word_1_13' title='bbox 254 351 472 398; x_wconf 87' lang='lat' dir='ltr'>istiment</span> <span class='ocrx_word' id='word_1_14' title='bbox 508 348 641 411; x_wconf 86' lang='lat' dir='ltr'>quod</span> <span class='ocrx_word' id='word_1_15' title='bbox 677 348 790 414; x_wconf 89' lang='lat' dir='ltr'>solis</span> <span class='ocrx_word' id='word_1_16' title='bbox 841 351 1130 417; x_wconf 87' lang='lat' dir='ltr'>conjugibus</span> <span class='ocrx_word' id='word_1_17' title='bbox 1181 351 1314 400; x_wconf 89' lang='lat' dir='ltr'>licet.</span> <span class='ocrx_word' id='word_1_18' title='bbox 1412 354 1462 402; x_wconf 91' lang='lat' dir='ltr'>Si</span> <span class='ocrx_word' id='word_1_19' title='bbox 1516 365 1680 404; x_wconf 86' lang='lat' dir='ltr'>tamen</span> 
     </span>
     <span class='ocr_line' id='line_1_4' title="bbox 255 415 1681 483; baseline 0.004 -19"><span class='ocrx_word' id='word_1_20' title='bbox 255 417 480 479; x_wconf 76' lang='lat' dir='ltr'>impubes</span> <span class='ocrx_word' id='word_1_21' title='bbox 505 430 593 478; x_wconf 91' lang='lat' dir='ltr'>per</span> <span class='ocrx_word' id='word_1_22' title='bbox 617 417 765 463; x_wconf 83' lang='lat' dir='ltr'>verba</span> <span class='ocrx_word' id='word_1_23' title='bbox 790 415 851 463; x_wconf 88' lang='lat' dir='ltr'>de</span> <span class='ocrx_word' id='word_1_24' title='bbox 876 418 1102 481; x_wconf 76' lang='lat' dir='ltr'>praesenti</span> <span class='ocrx_word' id='word_1_25' title='bbox 1144 419 1384 483; x_wconf 86' lang='lat' dir='ltr'>sponsalia</span> <span class='ocrx_word' id='word_1_26' title='bbox 1417 423 1681 480; x_wconf 79' lang='lat' dir='ltr'>contraxit,</span> 
     </span>
     <span class='ocr_line' id='line_1_5' title="bbox 259 482 1685 550; baseline 0.005 -20"><span class='ocrx_word' id='word_1_27' title='bbox 259 500 324 532; x_wconf 87' lang='lat' dir='ltr'>ex</span> <span class='ocrx_word' id='word_1_28' title='bbox 351 482 668 545; x_wconf 84' lang='lat' dir='ltr'>dispositione</span> <span class='ocrx_word' id='word_1_29' title='bbox 711 482 861 536; x_wconf 85' lang='lat' dir='ltr'>Juris‚</span> <span class='ocrx_word' id='word_1_30' title='bbox 897 484 1046 532; x_wconf 87' lang='lat' dir='ltr'>verba</span> <span class='ocrx_word' id='word_1_31' title='bbox 1088 485 1149 533; x_wconf 90' lang='lat' dir='ltr'>de</span> <span class='ocrx_word' id='word_1_32' title='bbox 1188 487 1412 550; x_wconf 81' lang='lat' dir='ltr'>praesenti</span> <span class='ocrx_word' id='word_1_33' title='bbox 1448 495 1546 536; x_wconf 86' lang='lat' dir='ltr'>n&#39;on</span> <span class='ocrx_word' id='word_1_34' title='bbox 1580 504 1685 537; x_wconf 85' lang='lat' dir='ltr'>ma-</span> 
     </span>
     <span class='ocr_line' id='line_1_6' title="bbox 257 549 1412 614; baseline 0.002 -15"><span class='ocrx_word' id='word_1_35' title='bbox 257 549 554 608; x_wconf 85' lang='lat' dir='ltr'>trimonium,</span> <span class='ocrx_word' id='word_1_36' title='bbox 591 550 678 598; x_wconf 88' lang='lat' dir='ltr'>sed</span> <span class='ocrx_word' id='word_1_37' title='bbox 702 550 945 614; x_wconf 79' lang='lat' dir='ltr'>sponsalia</span> <span class='ocrx_word' id='word_1_38' title='bbox 967 561 1153 600; x_wconf 87' lang='lat' dir='ltr'>tanturn</span> <span class='ocrx_word' id='word_1_39' title='bbox 1181 553 1412 609; x_wconf 80' lang='lat' dir='ltr'>efficjunt.</span> 
     </span>
    </p>

    <p class='ocr_par' dir='ltr' id='par_1_3' title="bbox 258 616 1685 747">
     <span class='ocr_line' id='line_1_7' title="bbox 332 616 1685 688; baseline 0.003 -22"><span class='ocrx_word' id='word_1_40' title='bbox 332 618 487 666; x_wconf 85' lang='lat' dir='ltr'>Sexta</span> <span class='ocrx_word' id='word_1_41' title='bbox 512 616 728 665; x_wconf 88' lang='lat' dir='ltr'>conditio</span> <span class='ocrx_word' id='word_1_42' title='bbox 754 628 827 666; x_wconf 88' lang='lat' dir='ltr'>est</span> <span class='ocrx_word' id='word_1_43' title='bbox 852 629 905 666; x_wconf 89' lang='lat' dir='ltr'>ut</span> <span class='ocrx_word' id='word_1_44' title='bbox 929 635 988 667; x_wconf 88' lang='lat' dir='ltr'>ea</span> <span class='ocrx_word' id='word_1_45' title='bbox 1028 619 1282 683; x_wconf 87' lang='lat' dir='ltr'>promissio</span> <span class='ocrx_word' id='word_1_46' title='bbox 1313 620 1375 669; x_wconf 89' lang='lat' dir='ltr'>sit</span> <span class='ocrx_word' id='word_1_47' title='bbox 1411 621 1538 671; x_wconf 86' lang='lat' dir='ltr'>inter</span> <span class='ocrx_word' id='word_1_48' title='bbox 1572 638 1685 688; x_wconf 85' lang='lat' dir='ltr'>per-</span> 
     </span>
     <span class='ocr_line' id='line_1_8' title="bbox 258 684 767 747; baseline -0.006 -11"><span class='ocrx_word' id='word_1_49' title='bbox 258 701 402 736; x_wconf 78' lang='lat' dir='ltr'>sonas</span> <span class='ocrx_word' id='word_1_50' title='bbox 429 690 541 747; x_wconf 83' lang='lat' dir='ltr'>jure</span> <span class='ocrx_word' id='word_1_51' title='bbox 565 684 767 733; x_wconf 85' lang='lat' dir='ltr'>habiles.</span> 
     </span>
    </p>

    <p class='ocr_par' dir='ltr' id='par_1_4' title="bbox 255 751 1689 1610">
     <span class='ocr_line' id='line_1_9' title="bbox 330 751 1683 819; baseline 0.003 -19"><span class='ocrx_word' id='word_1_52' title='bbox 330 753 466 800; x_wconf 86' lang='lat' dir='ltr'>Hinc</span> <span class='ocrx_word' id='word_1_53' title='bbox 496 756 576 799; x_wconf 87' lang='lat'>10·</span> <span class='ocrx_word' id='word_1_54' title='bbox 600 751 843 816; x_wconf 75' lang='lat' dir='ltr'>sponsalia</span> <span class='ocrx_word' id='word_1_55' title='bbox 881 763 994 801; x_wconf 87' lang='lat' dir='ltr'>ante</span> <span class='ocrx_word' id='word_1_56' title='bbox 1032 756 1339 817; x_wconf 80' lang='lat' dir='ltr'>septennium</span> <span class='ocrx_word' id='word_1_57' title='bbox 1383 755 1683 819; x_wconf 87' lang='lat' dir='ltr'>completum</span> 
     </span>
     <span class='ocr_line' id='line_1_10' title="bbox 259 819 1686 885; baseline 0.001 -17"><span class='ocrx_word' id='word_1_58' title='bbox 259 828 515 869; x_wconf 85' lang='lat' dir='ltr'>contracta</span> <span class='ocrx_word' id='word_1_59' title='bbox 554 819 733 867; x_wconf 87' lang='lat' dir='ltr'>nullius</span> <span class='ocrx_word' id='word_1_60' title='bbox 774 831 885 867; x_wconf 85' lang='lat' dir='ltr'>sunt</span> <span class='ocrx_word' id='word_1_61' title='bbox 911 820 1101 879; x_wconf 87' lang='lat' dir='ltr'>valoris,</span> <span class='ocrx_word' id='word_1_62' title='bbox 1139 820 1252 885; x_wconf 87' lang='lat' dir='ltr'>quia</span> <span class='ocrx_word' id='word_1_63' title='bbox 1291 823 1415 871; x_wconf 78' lang='lat' dir='ltr'>Jure</span> <span class='ocrx_word' id='word_1_64' title='bbox 1448 822 1686 871; x_wconf 88' lang='lat' dir='ltr'>canonico</span> 
     </span>
     <span class='ocr_line' id='line_1_11' title="bbox 256 886 1684 953; baseline 0.001 -18"><span class='ocrx_word' id='word_1_65' title='bbox 256 887 361 936; x_wconf 89' lang='lat' dir='ltr'>sive</span> <span class='ocrx_word' id='word_1_66' title='bbox 385 887 587 935; x_wconf 89' lang='lat' dir='ltr'>masculi</span> <span class='ocrx_word' id='word_1_67' title='bbox 612 887 713 935; x_wconf 88' lang='lat' dir='ltr'>sive</span> <span class='ocrx_word' id='word_1_68' title='bbox 735 886 948 935; x_wconf 80' lang='lat' dir='ltr'>foeminae</span> <span class='ocrx_word' id='word_1_69' title='bbox 991 898 1105 936; x_wconf 90' lang='lat' dir='ltr'>ante</span> <span class='ocrx_word' id='word_1_70' title='bbox 1145 888 1276 937; x_wconf 87' lang='lat' dir='ltr'>illam</span> <span class='ocrx_word' id='word_1_71' title='bbox 1318 898 1510 938; x_wconf 86' lang='lat' dir='ltr'>aetatem</span> <span class='ocrx_word' id='word_1_72' title='bbox 1537 904 1684 953; x_wconf 88' lang='lat' dir='ltr'>spon-</span> 
     </span>
     <span class='ocr_line' id='line_1_12' title="bbox 256 954 1682 1021; baseline 0 -18"><span class='ocrx_word' id='word_1_73' title='bbox 256 955 378 1003; x_wconf 86' lang='lat' dir='ltr'>salia</span> <span class='ocrx_word' id='word_1_74' title='bbox 400 954 559 1003; x_wconf 85' lang='lat' dir='ltr'>valide</span> <span class='ocrx_word' id='word_1_75' title='bbox 585 955 873 1002; x_wconf 80' lang='lat' dir='ltr'>contrahere</span> <span class='ocrx_word' id='word_1_76' title='bbox 898 971 995 1002; x_wconf 90' lang='lat' dir='ltr'>non</span> <span class='ocrx_word' id='word_1_77' title='bbox 1020 965 1240 1019; x_wconf 88' lang='lat' dir='ltr'>possunt.</span> <span class='ocrx_word' id='word_1_78' title='bbox 1332 957 1459 1005; x_wconf 87' lang='lat' dir='ltr'>Fieri</span> <span class='ocrx_word' id='word_1_79' title='bbox 1485 957 1682 1021; x_wconf 85' lang='lat' dir='ltr'>quidem</span> 
     </span>
     <span class='ocr_line' id='line_1_13' title="bbox 257 1021 1687 1087; baseline 0 -16"><span class='ocrx_word' id='word_1_80' title='bbox 257 1031 423 1087; x_wconf 82' lang='lat' dir='ltr'>potest</span> <span class='ocrx_word' id='word_1_81' title='bbox 449 1031 505 1070; x_wconf 91' lang='lat' dir='ltr'>ut</span> <span class='ocrx_word' id='word_1_82' title='bbox 538 1021 739 1069; x_wconf 87' lang='lat' dir='ltr'>rationis</span> <span class='ocrx_word' id='word_1_83' title='bbox 781 1038 893 1077; x_wconf 86' lang='lat' dir='ltr'>usus</span> <span class='ocrx_word' id='word_1_84' title='bbox 936 1023 1242 1086; x_wconf 87' lang='lat' dir='ltr'>septennium</span> <span class='ocrx_word' id='word_1_85' title='bbox 1281 1023 1560 1087; x_wconf 78' lang='lat' dir='ltr'>praeveniat,</span> <span class='ocrx_word' id='word_1_86' title='bbox 1597 1023 1687 1072; x_wconf 84' lang='lat' dir='ltr'>sed</span> 
     </span>
     <span class='ocr_line' id='line_1_14' title="bbox 256 1088 1687 1153; baseline -0.001 -16"><span class='ocrx_word' id='word_1_87' title='bbox 256 1106 356 1137; x_wconf 86' lang='lat' dir='ltr'>non</span> <span class='ocrx_word' id='word_1_88' title='bbox 380 1088 568 1138; x_wconf 86' lang='lat' dir='ltr'>idcirco</span> <span class='ocrx_word' id='word_1_89' title='bbox 593 1089 758 1138; x_wconf 89' lang='lat' dir='ltr'>valent</span> <span class='ocrx_word' id='word_1_90' title='bbox 781 1090 1026 1153; x_wconf 81' lang='lat' dir='ltr'>sponsalia</span> <span class='ocrx_word' id='word_1_91' title='bbox 1068 1100 1182 1138; x_wconf 90' lang='lat' dir='ltr'>ante</span> <span class='ocrx_word' id='word_1_92' title='bbox 1215 1107 1322 1138; x_wconf 88' lang='lat' dir='ltr'>eam</span> <span class='ocrx_word' id='word_1_93' title='bbox 1349 1100 1542 1139; x_wconf 78' lang='lat' dir='ltr'>aetatem</span> <span class='ocrx_word' id='word_1_94' title='bbox 1568 1106 1687 1138; x_wconf 89' lang='lat' dir='ltr'>con·</span> 
     </span>
     <span class='ocr_line' id='line_1_15' title="bbox 255 1156 1684 1221; baseline 0.001 -17"><span class='ocrx_word' id='word_1_95' title='bbox 255 1164 432 1215; x_wconf 81' lang='lat' dir='ltr'>tracta,</span> <span class='ocrx_word' id='word_1_96' title='bbox 470 1156 585 1220; x_wconf 89' lang='lat' dir='ltr'>quia</span> <span class='ocrx_word' id='word_1_97' title='bbox 615 1156 727 1221; x_wconf 86' lang='lat' dir='ltr'>Lex</span> <span class='ocrx_word' id='word_1_98' title='bbox 769 1157 993 1205; x_wconf 87' lang='lat' dir='ltr'>absolute</span> <span class='ocrx_word' id='word_1_99' title='bbox 1032 1165 1081 1205; x_wconf 87' lang='lat' dir='ltr'>et</span> <span class='ocrx_word' id='word_1_100' title='bbox 1124 1157 1227 1205; x_wconf 86' lang='lat' dir='ltr'>sine</span> <span class='ocrx_word' id='word_1_101' title='bbox 1268 1156 1351 1205; x_wconf 87' lang='lat' dir='ltr'>illa</span> <span class='ocrx_word' id='word_1_102' title='bbox 1375 1157 1684 1206; x_wconf 84' lang='lat' dir='ltr'>restrictione</span> 
     </span>
     <span class='ocr_line' id='line_1_16' title="bbox 257 1223 1685 1287; baseline 0.001 -15"><span class='ocrx_word' id='word_1_103' title='bbox 257 1240 319 1272; x_wconf 88' lang='lat' dir='ltr'>ea</span> <span class='ocrx_word' id='word_1_104' title='bbox 353 1224 525 1272; x_wconf 87' lang='lat' dir='ltr'>irritat.</span> <span class='ocrx_word' id='word_1_105' title='bbox 598 1224 844 1276; x_wconf 77' lang='lat' dir='ltr'>Quamvis</span> <span class='ocrx_word' id='word_1_106' title='bbox 869 1234 1032 1271; x_wconf 86' lang='lat' dir='ltr'>autem</span> <span class='ocrx_word' id='word_1_107' title='bbox 1058 1223 1218 1272; x_wconf 87' lang='lat' dir='ltr'>valida</span> <span class='ocrx_word' id='word_1_108' title='bbox 1242 1224 1336 1271; x_wconf 89' lang='lat' dir='ltr'>sint</span> <span class='ocrx_word' id='word_1_109' title='bbox 1378 1225 1621 1287; x_wconf 83' lang='lat' dir='ltr'>sponsalia</span> <span class='ocrx_word' id='word_1_110' title='bbox 1655 1239 1685 1273; x_wconf 80' lang='lat' dir='ltr'>a</span> 
     </span>
     <span class='ocr_line' id='line_1_17' title="bbox 258 1284 1689 1355; baseline -0.001 -16"><span class='ocrx_word' id='word_1_111' title='bbox 258 1288 595 1355; x_wconf 66' lang='lat' dir='ltr'>semermibus,</span> <span class='ocrx_word' id='word_1_112' title='bbox 651 1290 849 1337; x_wconf 85' lang='lat' dir='ltr'>rationis</span> <span class='ocrx_word' id='word_1_113' title='bbox 910 1300 1071 1338; x_wconf 88' lang='lat' dir='ltr'>tamen</span> <span class='ocrx_word' id='word_1_114' title='bbox 1124 1306 1262 1337; x_wconf 89' lang='lat' dir='ltr'>usum</span> <span class='ocrx_word' id='word_1_115' title='bbox 1318 1284 1528 1354; x_wconf 63' lang='lat' dir='ltr'>adeptis,</span> <span class='ocrx_word' id='word_1_116' title='bbox 1571 1306 1689 1339; x_wconf 87' lang='lat' dir='ltr'>con·</span> 
     </span>
     <span class='ocr_line' id='line_1_18' title="bbox 257 1356 1687 1420; baseline -0.002 -14"><span class='ocrx_word' id='word_1_117' title='bbox 257 1366 434 1415; x_wconf 85' lang='lat' dir='ltr'>tracta,</span> <span class='ocrx_word' id='word_1_118' title='bbox 471 1357 604 1405; x_wconf 89' lang='lat' dir='ltr'>acin</span> <span class='ocrx_word' id='word_1_119' title='bbox 642 1356 928 1418; x_wconf 88' lang='lat' dir='ltr'>quibusdam</span> <span class='ocrx_word' id='word_1_120' title='bbox 972 1357 1284 1405; x_wconf 87' lang='lat' dir='ltr'>Dioecesibus</span> <span class='ocrx_word' id='word_1_121' title='bbox 1327 1357 1687 1420; x_wconf 78' lang='lat' dir='ltr'>permittantur,</span> 
     </span>
     <span class='ocr_line' id='line_1_19' title="bbox 259 1424 1688 1487; baseline -0.002 -13"><span class='ocrx_word' id='word_1_122' title='bbox 259 1426 412 1474; x_wconf 82' lang='lat' dir='ltr'>satius</span> <span class='ocrx_word' id='word_1_123' title='bbox 436 1434 511 1473; x_wconf 85' lang='lat' dir='ltr'>est</span> <span class='ocrx_word' id='word_1_124' title='bbox 535 1435 698 1472; x_wconf 90' lang='lat' dir='ltr'>tamen</span> <span class='ocrx_word' id='word_1_125' title='bbox 726 1433 888 1487; x_wconf 87' lang='lat' dir='ltr'>partes</span> <span class='ocrx_word' id='word_1_126' title='bbox 909 1439 1111 1487; x_wconf 86' lang='lat' dir='ltr'>quarum</span> <span class='ocrx_word' id='word_1_127' title='bbox 1138 1424 1356 1481; x_wconf 87' lang='lat' dir='ltr'>interest,</span> <span class='ocrx_word' id='word_1_128' title='bbox 1395 1425 1457 1473; x_wconf 89' lang='lat' dir='ltr'>de</span> <span class='ocrx_word' id='word_1_129' title='bbox 1498 1425 1554 1472; x_wconf 90' lang='lat' dir='ltr'>iis</span> <span class='ocrx_word' id='word_1_130' title='bbox 1593 1424 1688 1471; x_wconf 88' lang='lat' dir='ltr'>dis—</span> 
     </span>
     <span class='ocr_line' id='line_1_20' title="bbox 258 1491 1686 1556; baseline -0.001 -15"><span class='ocrx_word' id='word_1_131' title='bbox 258 1492 483 1549; x_wconf 84' lang='lat' dir='ltr'>suadere,</span> <span class='ocrx_word' id='word_1_132' title='bbox 522 1501 724 1556; x_wconf 89' lang='lat' dir='ltr'>propter</span> <span class='ocrx_word' id='word_1_133' title='bbox 764 1491 1077 1540; x_wconf 84' lang='lat' dir='ltr'>incommoda</span> <span class='ocrx_word' id='word_1_134' title='bbox 1124 1508 1233 1556; x_wconf 89' lang='lat' dir='ltr'>quae</span> <span class='ocrx_word' id='word_1_135' title='bbox 1273 1508 1371 1539; x_wconf 88' lang='lat' dir='ltr'>non</span> <span class='ocrx_word' id='word_1_136' title='bbox 1408 1507 1516 1541; x_wconf 89' lang='lat' dir='ltr'>raro</span> <span class='ocrx_word' id='word_1_137' title='bbox 1541 1491 1686 1540; x_wconf 88' lang='lat' dir='ltr'>exiis</span> 
     </span>
     <span class='ocr_line' id='line_1_21' title="bbox 255 1569 540 1610; baseline -0.014 0"><span class='ocrx_word' id='word_1_138' title='bbox 255 1569 540 1610; x_wconf 87' lang='lat' dir='ltr'>nascuntur.</span> 
     </span>
    </p>

    <p class='ocr_par' dir='ltr' id='par_1_5' title="bbox 259 1625 1689 2090">
     <span class='ocr_line' id='line_1_22' title="bbox 331 1625 1689 1689; baseline -0.001 -15"><span class='ocrx_word' id='word_1_139' title='bbox 331 1627 467 1675; x_wconf 90' lang='lat' dir='ltr'>Hinc</span> <span class='ocrx_word' id='word_1_140' title='bbox 491 1629 572 1673; x_wconf 75' lang='lat'>20·</span> <span class='ocrx_word' id='word_1_141' title='bbox 607 1632 701 1672; x_wconf 87' lang='lat' dir='ltr'>non</span> <span class='ocrx_word' id='word_1_142' title='bbox 727 1625 889 1674; x_wconf 84' lang='lat' dir='ltr'>valent</span> <span class='ocrx_word' id='word_1_143' title='bbox 931 1625 1174 1689; x_wconf 86' lang='lat' dir='ltr'>sponsalia</span> <span class='ocrx_word' id='word_1_144' title='bbox 1212 1641 1321 1674; x_wconf 89' lang='lat' dir='ltr'>cum</span> <span class='ocrx_word' id='word_1_145' title='bbox 1348 1641 1555 1689; x_wconf 87' lang='lat' dir='ltr'>persona</span> <span class='ocrx_word' id='word_1_146' title='bbox 1579 1641 1689 1689; x_wconf 87' lang='lat' dir='ltr'>quae</span> 
     </span>
     <span class='ocr_line' id='line_1_23' title="bbox 259 1691 1684 1757; baseline -0.003 -14"><span class='ocrx_word' id='word_1_147' title='bbox 259 1695 439 1743; x_wconf 86' lang='lat' dir='ltr'>habeat</span> <span class='ocrx_word' id='word_1_148' title='bbox 474 1693 875 1757; x_wconf 88' lang='lat' dir='ltr'>impedimentum</span> <span class='ocrx_word' id='word_1_149' title='bbox 914 1691 1142 1740; x_wconf 81' lang='lat' dir='ltr'>dirimens</span> <span class='ocrx_word' id='word_1_150' title='bbox 1182 1695 1258 1740; x_wconf 86' lang='lat' dir='ltr'>ve}</span> <span class='ocrx_word' id='word_1_151' title='bbox 1313 1694 1592 1756; x_wconf 85' lang='lat' dir='ltr'>prohibens,</span> <span class='ocrx_word' id='word_1_152' title='bbox 1646 1692 1684 1740; x_wconf 88' lang='lat' dir='ltr'>si</span> 
     </span>
     <span class='ocr_line' id='line_1_24' title="bbox 259 1759 1688 1827; baseline -0.001 -18"><span class='ocrx_word' id='word_1_153' title='bbox 259 1770 557 1827; x_wconf 82' lang='lat' dir='ltr'>perpetuum</span> <span class='ocrx_word' id='word_1_154' title='bbox 583 1759 661 1817; x_wconf 88' lang='lat' dir='ltr'>sit,</span> <span class='ocrx_word' id='word_1_155' title='bbox 697 1775 790 1807; x_wconf 88' lang='lat' dir='ltr'>nec</span> <span class='ocrx_word' id='word_1_156' title='bbox 814 1775 903 1823; x_wconf 83' lang='lat' dir='ltr'>per</span> <span class='ocrx_word' id='word_1_157' title='bbox 928 1759 1337 1823; x_wconf 84' lang='lat' dir='ltr'>dispensationem</span> <span class='ocrx_word' id='word_1_158' title='bbox 1370 1760 1548 1807; x_wconf 85' lang='lat' dir='ltr'>auferri</span> <span class='ocrx_word' id='word_1_159' title='bbox 1576 1775 1688 1822; x_wconf 79' lang='lat' dir='ltr'>pos-</span> 
     </span>
     <span class='ocr_line' id='line_1_25' title="bbox 261 1825 1688 1892; baseline -0.004 -15"><span class='ocrx_word' id='word_1_160' title='bbox 261 1830 351 1892; x_wconf 49' lang='lat' dir='ltr'>sit„</span> <span class='ocrx_word' id='word_1_161' title='bbox 429 1827 577 1876; x_wconf 88' lang='lat' dir='ltr'>Ratio</span> <span class='ocrx_word' id='word_1_162' title='bbox 601 1837 677 1875; x_wconf 88' lang='lat' dir='ltr'>est</span> <span class='ocrx_word' id='word_1_163' title='bbox 701 1826 814 1889; x_wconf 87' lang='lat' dir='ltr'>quia</span> <span class='ocrx_word' id='word_1_164' title='bbox 839 1826 946 1874; x_wconf 88' lang='lat' dir='ltr'>talis</span> <span class='ocrx_word' id='word_1_165' title='bbox 971 1825 1225 1889; x_wconf 78' lang='lat' dir='ltr'>promissio</span> <span class='ocrx_word' id='word_1_166' title='bbox 1267 1837 1396 1874; x_wconf 87' lang='lat' dir='ltr'>esset</span> <span class='ocrx_word' id='word_1_167' title='bbox 1435 1826 1496 1873; x_wconf 88' lang='lat' dir='ltr'>de</span> <span class='ocrx_word' id='word_1_168' title='bbox 1522 1842 1583 1881; x_wconf 23' lang='lat' dir='ltr'>res</span> <span class='ocrx_word' id='word_1_169' title='bbox 1600 1825 1688 1872; x_wconf 87' lang='lat' dir='ltr'>im-</span> 
     </span>
     <span class='ocr_line' id='line_1_26' title="bbox 262 1891 1686 1961; baseline -0.004 -17"><span class='ocrx_word' id='word_1_170' title='bbox 262 1892 482 1961; x_wconf 83' lang='lat' dir='ltr'>possibili</span> <span class='ocrx_word' id='word_1_171' title='bbox 505 1895 583 1942; x_wconf 90' lang='lat' dir='ltr'>vel</span> <span class='ocrx_word' id='word_1_172' title='bbox 608 1893 793 1951; x_wconf 89' lang='lat' dir='ltr'>illicita,</span> <span class='ocrx_word' id='word_1_173' title='bbox 831 1909 890 1941; x_wconf 87' lang='lat' dir='ltr'>ac</span> <span class='ocrx_word' id='word_1_174' title='bbox 914 1893 1265 1956; x_wconf 78' lang='lat' dir='ltr'>proinde&#39;Jure</span> <span class='ocrx_word' id='word_1_175' title='bbox 1291 1891 1496 1941; x_wconf 82' lang='lat' dir='ltr'>naturali</span> <span class='ocrx_word' id='word_1_176' title='bbox 1536 1893 1686 1950; x_wconf 86' lang='lat' dir='ltr'>nulla,</span> 
     </span>
     <span class='ocr_line' id='line_1_27' title="bbox 262 1959 1684 2024; baseline -0.004 -13"><span class='ocrx_word' id='word_1_177' title='bbox 262 1979 378 2011; x_wconf 84' lang='lat' dir='ltr'>cum</span> <span class='ocrx_word' id='word_1_178' title='bbox 403 1978 547 2010; x_wconf 90' lang='lat' dir='ltr'>nemo</span> <span class='ocrx_word' id='word_1_179' title='bbox 571 1960 727 2009; x_wconf 86' lang='lat' dir='ltr'>teneri</span> <span class='ocrx_word' id='word_1_180' title='bbox 753 1960 905 2024; x_wconf 88' lang='lat' dir='ltr'>possit</span> <span class='ocrx_word' id='word_1_181' title='bbox 929 1960 990 2008; x_wconf 87' lang='lat' dir='ltr'>ad</span> <span class='ocrx_word' id='word_1_182' title='bbox 1015 1959 1327 2022; x_wconf 86' lang='lat' dir='ltr'>impossibile,</span> <span class='ocrx_word' id='word_1_183' title='bbox 1363 1976 1457 2009; x_wconf 89' lang='lat' dir='ltr'>nec</span> <span class='ocrx_word' id='word_1_184' title='bbox 1505 1959 1684 2008; x_wconf 88' lang='lat' dir='ltr'>debeat</span> 
     </span>
     <span class='ocr_line' id='line_1_28' title="bbox 262 2028 890 2090; baseline -0.005 -12"><span class='ocrx_word' id='word_1_185' title='bbox 262 2030 325 2078; x_wconf 86' lang='lat' dir='ltr'>ad</span> <span class='ocrx_word' id='word_1_186' title='bbox 351 2030 555 2077; x_wconf 83' lang='lat' dir='ltr'>vetitum</span> <span class='ocrx_word' id='word_1_187' title='bbox 580 2044 632 2076; x_wconf 90' lang='lat' dir='ltr'>se</span> <span class='ocrx_word' id='word_1_188' title='bbox 659 2028 890 2090; x_wconf 82' lang='lat' dir='ltr'>obligare.</span> 
     </span>
    </p>

    <p class='ocr_par' dir='ltr' id='par_1_6' title="bbox 262 2092 1687 2430">
     <span class='ocr_line' id='line_1_29' title="bbox 335 2092 1685 2159; baseline -0.002 -15"><span class='ocrx_word' id='word_1_189' title='bbox 335 2097 386 2145; x_wconf 89' lang='lat' dir='ltr'>Si</span> <span class='ocrx_word' id='word_1_190' title='bbox 409 2112 526 2144; x_wconf 86' lang='lat' dir='ltr'>vero</span> <span class='ocrx_word' id='word_1_191' title='bbox 557 2095 957 2159; x_wconf 82' lang='lat' dir='ltr'>impedimentum</span> <span class='ocrx_word' id='word_1_192' title='bbox 1001 2093 1062 2141; x_wconf 88' lang='lat' dir='ltr'>sit</span> <span class='ocrx_word' id='word_1_193' title='bbox 1103 2092 1439 2142; x_wconf 79' lang='lat' dir='ltr'>duntaxatad</span> <span class='ocrx_word' id='word_1_194' title='bbox 1474 2102 1685 2157; x_wconf 77' lang='lat' dir='ltr'>ternpus,</span> 
     </span>
     <span class='ocr_line' id='line_1_30' title="bbox 262 2161 1687 2227; baseline -0.002 -16"><span class='ocrx_word' id='word_1_195' title='bbox 262 2173 349 2211; x_wconf 82' lang='lat' dir='ltr'>aut</span> <span class='ocrx_word' id='word_1_196' title='bbox 373 2179 461 2227; x_wconf 89' lang='lat' dir='ltr'>per</span> <span class='ocrx_word' id='word_1_197' title='bbox 486 2161 896 2226; x_wconf 87' lang='lat' dir='ltr'>dispensationem</span> <span class='ocrx_word' id='word_1_198' title='bbox 939 2161 1117 2208; x_wconf 86' lang='lat' dir='ltr'>auferri</span> <span class='ocrx_word' id='word_1_199' title='bbox 1159 2162 1328 2224; x_wconf 88' lang='lat' dir='ltr'>possit,</span> <span class='ocrx_word' id='word_1_200' title='bbox 1366 2170 1417 2208; x_wconf 91' lang='lat' dir='ltr'>ut</span> <span class='ocrx_word' id='word_1_201' title='bbox 1460 2161 1687 2209; x_wconf 87' lang='lat' dir='ltr'>defectus</span> 
     </span>
     <span class='ocr_line' id='line_1_31' title="bbox 263 2228 1686 2295; baseline -0.004 -16"><span class='ocrx_word' id='word_1_202' title='bbox 263 2230 553 2295; x_wconf 84' lang='lat' dir='ltr'>pubertatis,</span> <span class='ocrx_word' id='word_1_203' title='bbox 606 2239 772 2276; x_wconf 90' lang='lat' dir='ltr'>votum</span> <span class='ocrx_word' id='word_1_204' title='bbox 824 2228 1060 2275; x_wconf 87' lang='lat' dir='ltr'>castitatis</span> <span class='ocrx_word' id='word_1_205' title='bbox 1118 2245 1207 2291; x_wconf 86' lang='lat' dir='ltr'>pro</span> <span class='ocrx_word' id='word_1_206' title='bbox 1260 2236 1397 2275; x_wconf 89' lang='lat' dir='ltr'>certo</span> <span class='ocrx_word' id='word_1_207' title='bbox 1446 2238 1686 2290; x_wconf 87' lang='lat' dir='ltr'>tempore,</span> 
     </span>
     <span class='ocr_line' id='line_1_32' title="bbox 263 2292 1687 2361; baseline -0.003 -17"><span class='ocrx_word' id='word_1_208' title='bbox 263 2297 372 2345; x_wconf 84' lang='lat' dir='ltr'>iniri</span> <span class='ocrx_word' id='word_1_209' title='bbox 408 2306 610 2361; x_wconf 89' lang='lat' dir='ltr'>possunt</span> <span class='ocrx_word' id='word_1_210' title='bbox 643 2294 888 2359; x_wconf 86' lang='lat' dir='ltr'>sponsalia</span> <span class='ocrx_word' id='word_1_211' title='bbox 938 2303 990 2341; x_wconf 88' lang='lat' dir='ltr'>ut</span> <span class='ocrx_word' id='word_1_212' title='bbox 1044 2310 1103 2341; x_wconf 91' lang='lat' dir='ltr'>eo</span> <span class='ocrx_word' id='word_1_213' title='bbox 1138 2304 1359 2358; x_wconf 88' lang='lat' dir='ltr'>tempore</span> <span class='ocrx_word' id='word_1_214' title='bbox 1389 2292 1687 2356; x_wconf 82' lang='lat' dir='ltr'>impleantur</span> 
     </span>
     <span class='ocr_line' id='line_1_33' title="bbox 265 2357 1311 2430; baseline -0.009 -17"><span class='ocrx_word' id='word_1_215' title='bbox 265 2381 363 2430; x_wconf 88' lang='lat' dir='ltr'>quo</span> <span class='ocrx_word' id='word_1_216' title='bbox 389 2364 597 2413; x_wconf 84' lang='lat' dir='ltr'>cessabit</span> <span class='ocrx_word' id='word_1_217' title='bbox 619 2361 1037 2426; x_wconf 86' lang='lat' dir='ltr'>impedimentum.</span> <span class='ocrx_word' id='word_1_218' title='bbox 1270 2357 1311 2393; x_wconf 59' lang='grc'><em>3</em></span> 
     </span>
    </p>

    <p class='ocr_par' dir='ltr' id='par_1_7' title="bbox 264 2425 1688 2961">
     <span class='ocr_line' id='line_1_34' title="bbox 334 2425 1686 2496; baseline -0.004 -17"><span class='ocrx_word' id='word_1_219' title='bbox 334 2431 494 2496; x_wconf 86' lang='lat' dir='ltr'>Igitur</span> <span class='ocrx_word' id='word_1_220' title='bbox 517 2431 682 2478; x_wconf 88' lang='lat' dir='ltr'>valent</span> <span class='ocrx_word' id='word_1_221' title='bbox 704 2427 946 2492; x_wconf 83' lang='lat' dir='ltr'>sponsalia</span> <span class='ocrx_word' id='word_1_222' title='bbox 987 2436 1242 2475; x_wconf 80' lang='lat' dir='ltr'>contracta</span> <span class='ocrx_word' id='word_1_223' title='bbox 1280 2427 1370 2473; x_wconf 88' lang='lat' dir='ltr'>sub</span> <span class='ocrx_word' id='word_1_224' title='bbox 1397 2441 1455 2474; x_wconf 87' lang='lat' dir='ltr'>ea</span> <span class='ocrx_word' id='word_1_225' title='bbox 1480 2425 1686 2474; x_wconf 86' lang='lat' dir='ltr'>conditi-</span> 
     </span>
     <span class='ocr_line' id='line_1_35' title="bbox 266 2493 1687 2562; baseline -0.005 -16"><span class='ocrx_word' id='word_1_226' title='bbox 266 2505 379 2555; x_wconf 72' lang='lat' dir='ltr'>one,</span> <span class='ocrx_word' id='word_1_227' title='bbox 414 2497 456 2547; x_wconf 76' lang='lat' dir='ltr'>si</span> <span class='ocrx_word' id='word_1_228' title='bbox 480 2497 623 2562; x_wconf 83' lang='lat' dir='ltr'>Papa</span> <span class='ocrx_word' id='word_1_229' title='bbox 648 2496 998 2561; x_wconf 75' lang='lat' dir='ltr'>dispensaverit,</span> <span class='ocrx_word' id='word_1_230' title='bbox 1037 2511 1147 2541; x_wconf 86' lang='lat' dir='ltr'>cum</span> <span class='ocrx_word' id='word_1_231' title='bbox 1186 2493 1302 2540; x_wconf 87' lang='lat' dir='ltr'>nihil</span> <span class='ocrx_word' id='word_1_232' title='bbox 1328 2493 1388 2540; x_wconf 82' lang='lat' dir='ltr'>sit</span> <span class='ocrx_word' id='word_1_233' title='bbox 1413 2493 1461 2539; x_wconf 89' lang='lat' dir='ltr'>in</span> <span class='ocrx_word' id='word_1_234' title='bbox 1488 2510 1546 2541; x_wconf 79' lang='lat' dir='ltr'>ea</span> <span class='ocrx_word' id='word_1_235' title='bbox 1571 2510 1687 2541; x_wconf 91' lang='lat' dir='ltr'>con-</span> 
     </span>
     <span class='ocr_line' id='line_1_36' title="bbox 264 2560 1685 2625; baseline -0.004 -13"><span class='ocrx_word' id='word_1_236' title='bbox 264 2566 453 2614; x_wconf 88' lang='lat' dir='ltr'>ditione</span> <span class='ocrx_word' id='word_1_237' title='bbox 475 2564 717 2612; x_wconf 85' lang='lat' dir='ltr'>inhonesti</span> <span class='ocrx_word' id='word_1_238' title='bbox 742 2563 819 2611; x_wconf 89' lang='lat' dir='ltr'>vel</span> <span class='ocrx_word' id='word_1_239' title='bbox 844 2560 1164 2625; x_wconf 75' lang='lat' dir='ltr'>impossibilis.</span> <span class='ocrx_word' id='word_1_240' title='bbox 1237 2561 1491 2608; x_wconf 83' lang='lat' dir='ltr'>Tenentur</span> <span class='ocrx_word' id='word_1_241' title='bbox 1520 2571 1685 2608; x_wconf 89' lang='lat' dir='ltr'>autem</span> 
     </span>
     <span class='ocr_line' id='line_1_37' title="bbox 266 2628 1688 2696; baseline -0.003 -18"><span class='ocrx_word' id='word_1_242' title='bbox 266 2643 433 2696; x_wconf 84' lang='lat' dir='ltr'>partes</span> <span class='ocrx_word' id='word_1_243' title='bbox 472 2632 834 2687; x_wconf 79' lang='lat' dir='ltr'>contrahentes,</span> <span class='ocrx_word' id='word_1_244' title='bbox 871 2629 960 2676; x_wconf 88' lang='lat' dir='ltr'>nisi</span> <span class='ocrx_word' id='word_1_245' title='bbox 998 2629 1091 2676; x_wconf 85' lang='lat' dir='ltr'>alia</span> <span class='ocrx_word' id='word_1_246' title='bbox 1128 2628 1222 2675; x_wconf 87' lang='lat' dir='ltr'>sint</span> <span class='ocrx_word' id='word_1_247' title='bbox 1261 2637 1405 2691; x_wconf 86' lang='lat' dir='ltr'>pacta</span> <span class='ocrx_word' id='word_1_248' title='bbox 1447 2638 1688 2675; x_wconf 80' lang='lat' dir='ltr'>conventa</span> 
     </span>
     <span class='ocr_line' id='line_1_38' title="bbox 267 2694 1686 2758; baseline -0.003 -13"><span class='ocrx_word' id='word_1_249' title='bbox 267 2700 346 2747; x_wconf 78' lang='lat' dir='ltr'>vel</span> <span class='ocrx_word' id='word_1_250' title='bbox 383 2700 602 2746; x_wconf 89' lang='lat' dir='ltr'>locorum</span> <span class='ocrx_word' id='word_1_251' title='bbox 628 2714 761 2755; x_wconf 89' lang='lat' dir='ltr'>usus,</span> <span class='ocrx_word' id='word_1_252' title='bbox 781 2696 1135 2745; x_wconf 86' lang='lat' dir='ltr'>-communibus</span> <span class='ocrx_word' id='word_1_253' title='bbox 1177 2694 1449 2758; x_wconf 88' lang='lat' dir='ltr'>sumptibus</span> <span class='ocrx_word' id='word_1_254' title='bbox 1491 2694 1686 2758; x_wconf 87' lang='lat' dir='ltr'>dispen-</span> 
     </span>
     <span class='ocr_line' id='line_1_39' title="bbox 268 2761 1686 2827; baseline -0.005 -12"><span class='ocrx_word' id='word_1_255' title='bbox 268 2765 505 2819; x_wconf 82' lang='lat' dir='ltr'>sationem</span> <span class='ocrx_word' id='word_1_256' title='bbox 546 2774 732 2827; x_wconf 84' lang='lat' dir='ltr'>petere,</span> <span class='ocrx_word' id='word_1_257' title='bbox 771 2763 1012 2827; x_wconf 82' lang='lat' dir='ltr'>quiahoc</span> <span class='ocrx_word' id='word_1_258' title='bbox 1046 2762 1095 2808; x_wconf 90' lang='lat' dir='ltr'>in</span> <span class='ocrx_word' id='word_1_259' title='bbox 1133 2778 1187 2810; x_wconf 88' lang='lat' dir='ltr'>ea</span> <span class='ocrx_word' id='word_1_260' title='bbox 1223 2761 1539 2825; x_wconf 85' lang='lat' dir='ltr'>promissione</span> <span class='ocrx_word' id='word_1_261' title='bbox 1588 2776 1686 2808; x_wconf 84' lang='lat' dir='ltr'>ma·</span> 
     </span>
     <span class='ocr_line' id='line_1_40' title="bbox 270 2829 1686 2889; baseline -0.005 -8"><span class='ocrx_word' id='word_1_262' title='bbox 270 2832 483 2881; x_wconf 84' lang='lat' dir='ltr'>trimonii</span> <span class='ocrx_word' id='word_1_263' title='bbox 529 2830 679 2879; x_wconf 85' lang='lat' dir='ltr'>tacite</span> <span class='ocrx_word' id='word_1_264' title='bbox 719 2829 1001 2886; x_wconf 87' lang='lat' dir='ltr'>includitur,</span> <span class='ocrx_word' id='word_1_265' title='bbox 1040 2839 1086 2876; x_wconf 90' lang='lat' dir='ltr'>et</span> <span class='ocrx_word' id='word_1_266' title='bbox 1137 2839 1210 2877; x_wconf 89' lang='lat' dir='ltr'>est</span> <span class='ocrx_word' id='word_1_267' title='bbox 1253 2845 1512 2877; x_wconf 91' lang='lat' dir='ltr'>commune</span> <span class='ocrx_word' id='word_1_268' title='bbox 1535 2843 1686 2889; x_wconf 83' lang='lat' dir='ltr'>nego·-</span> 
     </span>
     <span class='ocr_line' id='line_1_41' title="bbox 268 2894 1685 2961; baseline -0.006 -13"><span class='ocrx_word' id='word_1_269' title='bbox 268 2901 407 2949; x_wconf 83' lang='lat' dir='ltr'>tium.</span> <span class='ocrx_word' id='word_1_270' title='bbox 478 2898 528 2948; x_wconf 86' lang='lat' dir='ltr'>Si</span> <span class='ocrx_word' id='word_1_271' title='bbox 574 2914 690 2945; x_wconf 89' lang='lat' dir='ltr'>vero</span> <span class='ocrx_word' id='word_1_272' title='bbox 737 2895 1032 2961; x_wconf 87' lang='lat' dir='ltr'>dispensatio</span> <span class='ocrx_word' id='word_1_273' title='bbox 1073 2896 1362 2958; x_wconf 86' lang='lat' dir='ltr'>denegatur,</span> <span class='ocrx_word' id='word_1_274' title='bbox 1396 2896 1530 2945; x_wconf 89' lang='lat' dir='ltr'>nulla</span> <span class='ocrx_word' id='word_1_275' title='bbox 1562 2894 1685 2942; x_wconf 88' lang='lat' dir='ltr'>fiunt</span> 
     </span>
    </p>
   </div>
   <div class='ocr_carea' id='block_1_3' title="bbox 270 2962 1690 3076">
    <p class='ocr_par' dir='ltr' id='par_1_8' title="bbox 270 2962 1690 3076">
     <span class='ocr_line' id='line_1_42' title="bbox 270 2962 1662 3076; baseline -0.006 -59"><span class='ocrx_word' id='word_1_276' title='bbox 270 2965 505 3032; x_wconf 76' lang='lat' dir='ltr'>ejusmodi</span> <span class='ocrx_word' id='word_1_277' title='bbox 532 2964 788 3032; x_wconf 77' lang='lat' dir='ltr'>sponsalia,</span> <span class='ocrx_word' id='word_1_278' title='bbox 826 2974 880 3013; x_wconf 91' lang='lat' dir='ltr'>ut</span> <span class='ocrx_word' id='word_1_279' title='bbox 909 2962 1023 3013; x_wconf 89' lang='lat' dir='ltr'>satis</span> <span class='ocrx_word' id='word_1_280' title='bbox 1047 2962 1351 3029; x_wconf 83' lang='lat' dir='ltr'>intelligitur.</span> <span class='ocrx_word' id='word_1_281' title='bbox 1609 3027 1662 3076; x_wconf 78' lang='lat' dir='ltr'><em>D</em></span> 
     </span>
     <span class='ocr_line' id='line_1_43' title="bbox 590 3042 1690 3075; baseline -0.005 -2"><span class='ocrx_word' id='word_1_282' title='bbox 590 3068 596 3073; x_wconf 34' lang='lat' dir='ltr'><strong><em>s</em></strong></span> <span class='ocrx_word' id='word_1_283' title='bbox 1005 3061 1010 3065; x_wconf 59' lang='lat'><strong>.</strong></span> <span class='ocrx_word' id='word_1_284' title='bbox 1665 3042 1690 3075; x_wconf 75' lang='lat' dir='ltr'>e</span> 
     </span>
    </p>
   </div>
  </div>
 </body>
</html>
