1846 3250
546 155 642 204 m:
681 156 1180 206 MATRIMONIO.
1443 206 1454 215 ⁴
1506 154 1612 223 ως»,

183 286 275 335 lias
305 297 449 337 aetate
497 293 747 353 majorum,
801 307 978 355 nempe
1031 290 1235 338 filiarum
1291 305 1401 353 quae
1433 287 1606 336 vicesi-

180 371 310 402 mum
348 356 583 420 quintum,
623 368 673 405 et
707 358 913 406 filiorum
953 359 1032 420 qui
1072 358 1373 422 trigesimum
1423 373 1601 420 annum

182 423 520 485 expleverunt,
556 424 604 472 in
639 425 808 474 ordine
846 427 909 474 ad
947 425 1335 474 contrahendum
1361 424 1604 473 matrimo-

167 491 307 540 nium
334 491 359 537 P
1549 535 1562 543 ,

250 557 314 604 R.
352 575 458 606 esse
517 559 812 608 domicilium
871 560 989 609 facti
1043 577 1129 608 seu
1188 559 1516 617 habitationis,
1567 559 1606 607 si

183 635 323 673 extra
359 627 556 675 domum
593 639 842 691 paternam
896 628 1143 676 habitent.·
1227 627 1373 681 Quod
1414 628 1454 676 si
1489 643 1606 675 vero

180 691 229 737 in
266 692 411 741 domo
463 706 667 758 paterna
715 707 1093 750 commorentur,
1152 696 1256 752 sed,
1315 695 1478 744 insciis
1525 701 1608 758 pass

181 760 399 808 rentibus
425 763 671 811 occultum
698 763 744 809 in
784 764 877 811 alia
920 763 1159 812 Parochia
1199 763 1497 811 domicilium
1521 763 1608 811 ha·

182 827 329 875 beant
355 829 498 877 etiam
526 847 552 877 a
577 847 665 878 sex
692 832 935 879 mensibus
967 841 1050 879 aut
1093 847 1221 878 anno
1261 831 1470 893 integro,
1507 846 1608 877 me·

181 895 274 942 rito
298 907 467 945 censet
495 898 712 946 Collator
740 888 1022 947 Parisiensis
1049 915 1131 946 eos
1159 914 1253 945 non
1280 913 1423 960 posse
1448 897 1608 945 valide

180 963 536 1012 matrimonium
575 968 865 1013 contrahere
900 966 990 1013 nisi
1044 982 1207 1013 coram
1245 965 1469 1012 Parocho
1519 964 1606 1012 do-

180 1029 342 1076 micilii
380 1042 651 1093 parentum.
721 1033 884 1080 Ratio
923 1033 1073 1096 ipsius
1117 1042 1191 1096 est
1231 1033 1346 1095 quia
1370 1033 1498 1078 solus
1523 1031 1607 1079 ille

182 1097 420 1146 Sacerdos
446 1110 516 1147 est
543 1101 768 1162 publicus
795 1111 844 1148 et
888 1100 1092 1149 actualis
1120 1101 1369 1148 Parochus
1396 1101 1496 1147 sive
1522 1107 1605 1163 pa*

178 1174 370 1212 rentum
418 1167 518 1214 sive
555 1167 995 1232 filiorumpublice
1032 1185 1144 1216 cum
1202 1167 1257 1214 iis
1306 1183 1611 1226 commoran-

179 1231 315 1278 tium.
403 1234 536 1281 Hinc
563 1237 798 1295 ejusmodi
825 1236 1130 1284 matrimonia
1154 1235 1202 1282 in
1239 1234 1398 1284 Curiis
1439 1251 1609 1300 supre-

177 1298 266 1346 mis
292 1299 603 1349 declarantur
626 1303 851 1351 invalida.

248 1368 440 1422 Quaeres
486 1373 581 1418 13⁰·
619 1387 679 1417 an
719 1372 801 1436 qui
837 1381 970 1420 metu
1006 1389 1070 1420 ne
1127 1371 1421 1436 impediatur
1467 1386 1609 1417 suum

176 1435 535 1484 matrimonium
568 1439 662 1486 alio
700 1440 940 1502 migravit,
992 1440 1159 1503 ibique
1217 1449 1439 1502 tempore
1487 1454 1609 1500 proe-

176 1502 360 1566 scripto
397 1504 586 1561 mansit,
624 1506 783 1554 valide
821 1524 985 1555 coram
1038 1508 1150 1555 novi
1197 1506 1326 1555 illius
1374 1505 1607 1553 domicilii

175 1568 401 1619 Parocho
427 1574 715 1622 contrahere
741 1574 934 1638 possit?
1604 1591 1607 1595 '

247 1639 311 1686 R.
353 1641 643 1703 qffirmative‚
698 1642 898 1690 servatis
958 1651 1122 1701 tamen
1173 1642 1370 1705 Regum
1417 1649 1608 1688 nostro-

174 1719 279 1751 rum
316 1706 533 1769 Legibus
570 1708 632 1757 de
669 1710 935 1758 obtinendo
972 1720 1227 1773 parentum
1266 1710 1342 1757 vel
1387 1706 1608 1772 tutor-uni

177 1788 417 1822 consensu
453 1777 512 1823 ab
549 1776 623 1824 his
659 1776 738 1838 qui
783 1788 896 1825 sunt
954 1780 1044 1825 sub
1095 1778 1298 1825 aliorum
1346 1787 1607 1840 potestate.

178 1839 323 1887 Ratio
362 1852 452 1899 est,
503 1843 616 1906 quia
670 1844 741 1892 sic
791 1846 1084 1905 contrahens
1127 1845 1257 1908 prius
1307 1842 1606 1890 domicilium

174 1906 333 1970 reipsa
357 1911 577 1968 mutavit,
614 1927 792 1959 novum
826 1912 1099 1976 acquisivit,
1146 1910 1606 1974 matrimoniumque

173 1976 442 2023 secundum
470 1978 632 2040 Leges
659 1979 809 2026 inivit.
1359 2037 1362 2040 ‚

244 2042 422 2107 Neque
459 2045 592 2092 dicas
628 2062 739 2093 cum
778 2046 1020 2095 nonnullis
1052 2063 1162 2095 eum
1189 2046 1235 2093 in
1260 2045 1482 2098 fraudem
1509 2046 1611 2108 alio„

174 2108 472 2172 migravisse,
511 2114 790 2177 neminique
840 2114 1062 2163 fraudem
1100 2114 1393 2178 patrocinari
1444 2109 1604 2178 posse-⁹

177 2175 327 2225 Nulla
362 2179 488 2226 enim
525 2180 656 2229 fraus
692 2182 953 2231 intervenit
988 2182 1069 2230 ubi
1109 2183 1219 2231 Lex
1264 2181 1325 2229 ad
1373 2181 1602 2245 amussim

171 2243 417 2308 impletur.
510 2248 587 2295 Ita
625 2250 832 2313 Sylvius,
873 2251 1138 2310 Bon-acina,
1195 2250 1467 2313 Fagnanus,
1517 2250 1600 2312 qui

172 2311 221 2357 in
280 2313 421 2377 hujus
472 2317 728 2364 sententiae
775 2318 1192 2367 confirmation-em
1234 2317 1403 2366 laudat
1448 2333 1599 2365 sacrae

175 2380 578 2445 Congregationis
604 2388 904 2448 responsum.
1178 2433 1181 2435 .

249 2448 446 2505 Quaeres
492 2452 598 2498 14⁰·
635 2453 741 2516 quis
793 2454 841 2499 in
893 2452 1062 2501 ordine
1110 2453 1172 2500 ad
1237 2451 1597 2500 matrimonium

175 2515 521 2565 celebrandum
575 2519 637 2567 sit
685 2520 936 2569 Par-ochus
978 2521 1245 2584 Vagorum,
1284 2520 1453 2583 quales
1488 2531 1601 2568 sunt

175 2581 422 2641 Mendici,
442 2585 673 2635 Artifices
701 2588 911 2650 quidam,
941 2588 1174 2646 Pictores,
1203 2588 1448 2650 Chirurgi,
1474 2592 1564 2635 ὅτε.

243 2651 305 2698 R.
347 2652 532 2700 Concil.
572 2654 707 2702 Trid.
742 2673 858 2704 sess.
886 2659 965 2704 24.
1007 2672 1051 2704 c.
1090 2657 1135 2706 7.
1175 2666 1226 2703 ut
1264 2656 1427 2703 multis
1463 2657 1601 2703 malis

175 2732 233 2764 ac
276 2720 567 2780 -praesert'im
628 2723 922 2786 Vagantium
998 2723 1285 2788 polygamiae
1352 2735 1598 2780 occurrat,

172 2784 440 2848 praecipere
465 2788 695 2837 Par-ochis
739 2809 796 2839 ne
818 2791 1002 2841 illorum
1028 2791 1340 2840 matrimoniis
1361 2791 1595 2846 intersint,

174 2852 267 2899 nisi
279 2853 421 2914 prius
442 2855 703 2919 diligentem
736 2859 1077 2924 inquisitionem
1093 2859 1322 2924 fecerint,
1360 2866 1403 2905 et
1446 2874 1498 2905 re
1534 2858 1601 2904 ad

179 2920 480 2971 ordinarium
514 2921 686 2984 delata,
723 2927 781 2975 ab
816 2945 868 2976 eo
917 2926 1150 2976 licentiam
1187 2927 1240 2975 id
1263 2924 1489 2991 faciendi
1523 2925 1601 2971 ob-

300 3014 307 3021 ,
1353 2991 1596 3041 tinuerint.
