1846 3250
284 133 349 180 96
783 136 1208 187 TRACTATUS

269 271 499 333 gentiam,
535 286 626 319 non
651 273 936 321 secundum
918 275 1155 339 zmperium
1178 291 1263 324 seu
1291 287 1608 342 praeceptum,
1643 287 1694 326 ut

281 337 386 400 ipse
408 337 476 385 ait
500 354 548 385 v.
576 340 623 386 9.

352 405 512 469 Oly-25
481 408 548 454 5⁰·
596 405 733 455 Idem
773 384 952 457 Paulus
997 410 1022 456 l
1068 410 1282 459 Timoth.
1325 415 1371 460 3.
1424 423 1474 462 et
1517 412 1613 461 Tit.
1655 418 1696 461 1.

281 473 384 521 vult
413 473 710 538 Episcopum
736 485 786 524 et
828 477 1107 526 Diaconum
1145 496 1247 528 esse
1274 478 1411 528 unius
1445 482 1602 531 umoris
1628 482 1694 529 vi-

280 558 401 599 rum,
419 541 556 606 filios
583 542 819 592 habentem
854 546 1058 594 subditos
1080 564 1179 595 cum
1204 548 1328 596 omni
1350 551 1577 598 castitate.
1637 549 1697 595 Id

281 619 447 658 autem
480 627 578 658 non
614 612 917 676 praeciperet,
964 614 1011 662 si
1039 614 1398 663 matrimonium
1435 621 1530 665 non
1567 626 1696 665 esset

279 678 624 727 necessarium.

218 806 221 813 ,
347 747 411 795 R.
444 746 497 795 id
521 764 667 795 unum
691 746 947 798 intendere
975 749 1025 797 S.
1045 748 1270 809 Paulum,
1295 702 1525 801 videlicet
1548 726 1694 815 Biga-

281 828 386 862 mos
426 831 524 862 non
549 831 656 864 esse
697 816 760 864 ad
786 817 996 866 Ordines
1038 820 1425 881 promovendos;
1473 836 1566 869 nec
1590 820 1693 877 vult

272 880 436 931 fteneri
454 899 617 932 sacros
634 884 884 932 Ministros
910 902 1052 933 unam
1073 887 1243 934 saltem
1266 904 1468 946 uxorem
1488 878 1699 943 habere;

280 950 530 1016 alioquin
518 968 620 1016 ipse
645 953 905 1001 sacerdotii
939 953 1223 1021 dignitatem
1264 955 1467 1005 induere
1490 973 1586 1004 non
1611 973 1700 1020 po-

281 1018 470 1077 tuisset,
507 1036 620 1068 cum
660 1020 807 1069 fuerit
845 1022 1075 1087 innuptus
1115 1023 1384 1071 secundum
1427 1024 1695 1072 doctrinam

281 1097 584 1137 constantem
612 1088 700 1137 SS.
722 1090 939 1148 Patrum,
966 1103 1179 1154 excepto
1205 1090 1460 1140 Clemente
1477 1092 1700 1140 Alexan-

280 1154 437 1214 drino,
475 1173 788 1220 quemnemo
811 1170 1010 1207 secutus
1035 1169 1146 1207 est..

351 1224 453 1288 obj.
492 1229 556 1273 6⁰·
610 1228 643 1273 rl
687 1225 899 1274 Timoth.
941 1233 990 1275 4.
1028 1227 1295 1292 Apostolus
1336 1228 1403 1276 ait
1440 1228 1696 1277 novissimis

269 1292 559 1358 :temporibus
598 1294 873 1346 discessuros
908 1312 1003 1344 esse
1024 1298 1249 1358 quosdam
1282 1313 1312 1344 a
1336 1297 1455 1346 Fide
1486 1296 1700 1345 habentes

269 1360 536 1409 {doctrinam
571 1361 948 1417 Dcemortz‘orunz,
978 1364 1276 1428 pmlzilaentes
1310 1365 1492 1414 nubere.
1546 1365 1700 1412 Pesti-

281 1427 435 1476 feram
476 1428 624 1493 igitur
663 1430 885 1480 haeresim
932 1441 1131 1481 tuentur
1174 1433 1257 1496 qui
1307 1433 1538 1498 nuptias
1522 1432 1698 1497 prohi-

283 1496 419 1545 bent.

354 1566 414 1613 R.
432 1564 539 1614 dist.
565 1540 804 1614 Doctrina
822 1577 897 1615 est
916 1544 1284 1617 Daemoniorum
1302 1563 1571 1634 prohibere
1579 1585 1698 1633 nup-

280 1631 373 1682 tias
400 1640 452 1681 ut
475 1631 523 1679 in
546 1650 601 1682 se
626 1634 775 1682 malas
800 1650 860 1682 ac
884 1636 1105 1683 omnibus
1129 1636 1367 1696 exitiales,
1394 1647 1449 1686 ut
1471 1638 1701 1702 prohibu-

283 1711 426 1748 erunt
444 1710 615 1765 postea
625 1701 898 1750 Encratitae
922 1713 972 1751 et
992 1703 1267 1762 Manichaei,
1293 1723 1418 1754 conc.
1441 1705 1698 1768 prohibere

282 1769 478 1833 nuptias
501 1768 557 1817 iis
577 1769 658 1834 qui
677 1769 770 1819 sibi
792 1787 853 1818 ex
875 1770 1178 1849 perfectioris
1195 1772 1305 1820 vitae
1318 1773 1484 1820 studio
1494 1770 1699 1822 <easdem

284 1836 602 1896 interdixere,
653 1848 707 1886 ut
743 1838 1061 1903 prohibentur
1102 1840 1153 1886 in
1194 1840 1420 1890 Ecclesia
1463 1842 1698 1897 Romana,

287 1921 393 1969 quae
417 1905 658 1954 neminem
684 1907 746 1954 ad
770 1906 1051 1956 coelibatum
1073 1906 1226 1971 cogit,
1260 1908 1364 1957 sed.
1372 1900 1700 1958 conditionate

288 1983 496 2028 tantum,
537 1972 576 2022 si
601 1974 824 2024 nimirum
849 1974 952 2037 quis
992 1976 1055 2023 ad
1079 1992 1242 2024 sacros
1268 1977 1499 2066 Ordines
1497 1993 1701 2041 promo-

289 2041 391 2089 veri
416 2042 548 2096 velit
585 2060 795 2108 neg..
1084 2068 1086 2070 ·
1337 2083 1342 2092 ,
1409 2086 1420 2091 ,
1484 2084 1486 2087 ,

359 2110 479 2158 In'st.
515 2110 755 2175 Loquitur
780 2111 1050 2174 Apostolus
1089 2110 1152 2159 de
1176 2087 1398 2161 doctrina
1437 2112 1701 2161 novissimis

260 2215 270 2225 .
290 2176 590 2240 temporibus
625 2178 895 2241 proditura,
926 2195 988 2227 ac
1022 2179 1236 2242 proinde
1262 2181 1324 2229 de
1359 2181 1582 2229 doctrina
1608 2183 1701 2230 Ec

287 2246 452 2294 clesiae
491 2246 741 2303 Romanae,
780 2263 875 2294 non
903 2245 1262 2297 Encratitarum
1285 2258 1370 2297 aut
1404 2248 1704 2296 Manichaeo-

292 2330 424 2372 rum,
454 2314 539 2377 qui
577 2314 742 2377 primis
766 2315 1063 2379 temporibus
1101 2330 1160 2362 ac
1184 2316 1345 2364 statim
1369 2325 1479 2380 post
1507 2327 1700 2364 aetatem

293 2382 645 2448 Apostolorum
670 2382 1002 2446 improbavere
1027 2382 1247 2445 nuptias
1457 2424 1461 2429 .

361 2451 425 2499 R.
461 2466 547 2514 per
571 2450 826 2499 novissima
862 2460 1082 2515 tempora
1097 2448 1307 2513 intelligi
1346 2466 1487 2514 posse
1510 2424 1703 2514 tempus

289 2518 471 2566 saeculi
485 2518 674 2576 Paulini
698 2518 939 2567 vicinum.
987 2522 1047 2566 1⁰·
1084 2517 1211 2571 Quia
1236 2533 1331 2565 vox
1356 2534 1516 2582 graeca
1540 2535 1701 2568 corre-

291 2586 552 2647 spondens,
579 2602 675 2634 non
699 2603 758 2635 ea
776 2596 850 2635 est
869 2602 964 2650 qua
987 2584 1237 2634 consuevit
1254 2585 1506 2651 Scriptura
1527 2589 1705 2635 saecula

289 2652 612 2701 remotissima
646 2654 919 2719 designare,
956 2655 1082 2704 bene
1105 2669 1221 2703 vero
1246 2670 1343 2717 qua
1364 2655 1488 2703 solet
1508 2665 1704 2719 tempus

262 2721 593 2797 subsequens
641 2722 727 2769 sed
762 2722 971 2770 nonita
1021 2730 1260 2769 remotum
1297 2722 1599 2785 exprimere..
1639 2724 1701 2768 20‘

294 2788 420 2845 Quia
460 2788 783 2836 novissimum
810 2800 1009 2853 tempus
1033 2788 1290 2851 aliquando
1325 2789 1565 2853 significat
1589 2800 1707 2837 tem·

293 2871 393 2920 pus
432 2854 601 2922 parum
651 2855 852 2913 distans,
905 2857 999 2903 imo
1037 2867 1293 2904 venturum
1346 2869 1458 2908 ante
1501 2866 1705 2904 mortem

294 2940 461 2975 eorum
486 2923 568 2989 qui
593 2923 675 2973 illa
698 2913 819 2974 vd&
844 2928 1061 2983 utuntur.
1125 2924 1271 2974 Unde
1293 2926 1441 2984 Joan‚
1483 2926 1522 2974 1.
1548 2923 1703 2987 Epist.

1662 2993 1708 3038 2.

1821 3188 1846 3250 ᾖ,
