1846 3250
236 153 301 199 60
737 153 1164 207 TRACTATUS

234 286 363 335 istud
402 303 498 334 non
542 288 824 338 extenditur
862 290 925 339 ad
951 292 1222 356 Episcopos
1246 292 1464 342 titulares
1488 306 1573 341 seu
1598 291 1647 338 in

233 354 448 416 partibus
495 356 789 414 Infidelium,
827 376 890 406 ex
943 361 1053 408 eod.
1091 361 1278 411 Concil.
1314 378 1432 410 sess·
1479 364 1551 407 14.
1581 359 1643 406 de

239 422 458 472 Reform.
484 439 528 472 c.
553 426 600 472 2.
638 425 789 474 Porro
813 427 894 475 ille
918 428 1162 476 familiaris
1186 428 1387 491 alicujus
1413 426 1648 509 Episcopi

240 501 467 538 censetur
492 492 572 556 qui
591 492 723 543 intra
747 496 942 548 domum
973 497 1216 561 Episcopo
1251 497 1445 544 inservit
1473 507 1520 544 et
1546 500 1649 557 ejus

238 558 467 622 impensis
514 560 674 609 alitur.
771 562 1053 613 Triennium
1102 582 1217 613 vero
1275 565 1452 613 seivitii
1502 563 1652 611 debet

243 630 444 685 esse10,
466 629 782 678 continuum.
820 633 895 679 2⁰.
916 634 1244 697 completum;
1282 636 1360 681 30.
1378 632 1649 696 personale,

241 694 367 743 adeo
392 706 444 744 ut
478 713 508 745 a
531 697 890 761 praedecessore
915 700 976 749 ad
1001 717 1332 749 successorem
1362 717 1457 748 non
1483 710 1653 748 exten·

241 763 400 821 datur,
439 774 539 812 tum
583 765 696 829 quia
731 767 982 832 privilegia
1019 779 1069 816 ut
1109 770 1275 817 odiosa
1309 767 1533 831 restringi
1571 767 1655 813 de·

240 831 377 889 bem,
413 841 517 882 tum
563 833 676 898 quia
721 852 818 883 non
865 848 939 885 est
984 853 1072 900 per
1112 837 1369 891 triennium
1413 834 1658 884 familiaris

245 915 399 957 meus,
451 901 532 965 qui
566 914 640 951 est
681 903 895 953 alterius.
967 906 1046 954 Ita
1082 905 1382 963 SamboviuS‚
1421 903 1659 958 cometus,

247 968 467 1027 Collatm
493 970 880 1034 Andegavensis.

248 1067 253 1077 2«
316 1037 559 1085 Caeterum
584 1041 756 1088 merito
780 1051 950 1089 notant
975 1041 1215 1106 Theologi
1256 1042 1408 1118 perpl
1402 1055 1509 1087 ires
1545 1047 1654 1102 post

248 1105 533 1163 Barbosam‚
571 1107 871 1172 Episcopum
906 1125 1003 1156 non
1043 1126 1186 1174 posse
1215 1111 1274 1158 ab
1299 1106 1566 1157 interstitiis
1588 1105 1660 1153 fa-

244 1172 403 1221 miliar
407 1190 483 1222 em
508 1191 646 1222 suum
667 1176 965 1240 dispensare,
990 1177 1079 1225 nisi
1105 1189 1361 1241 postquam
1388 1175 1431 1224 ei
1453 1173 1659 1223 contulit

244 1241 555 1300 beneficium,
593 1244 705 1306 quia
739 1255 857 1293 tunc
882 1245 937 1293 fit
961 1245 1005 1294 ei
1029 1248 1294 1309 subjectus·
1362 1245 1474 1292 Non
1499 1251 1663 1305 potest

249 1320 413 1358 autem
438 1311 543 1358 solo
567 1311 710 1360 titulo
732 1312 1086 1372 familiaritatis,
1123 1315 1236 1378 quia
1259 1313 1447 1363 Concil.
1474 1310 1611 1361 Trid.
1633 1323 1664 1356 a

241 1393 352 1442 -quo
375 1377 659 1428 familiarem
686 1380 939 1428 ordinandi
966 1382 1267 1445 privilegium
1285 1391 1436 1438 tenet,
1473 1378 1664 1442 dispen-

244 1445 487 1495 sationem
526 1447 586 1495 ab
620 1447 887 1496 interstitiis
922 1450 984 1497 ad
1022 1450 1175 1497 solum
1202 1450 1393 1497 titulum
1421 1445 1663 1498 familiari-

241 1514 363 1563 tatis
389 1529 484 1561 non
510 1516 765 1572 extendit3
799 1517 1053 1581 privilegia
1074 1529 1238 1569 autem
1263 1517 1390 1565 ultra
1405 1516 1666 1566 verborum

240 1592 470 1631 tenorem
495 1599 591 1629 non
607 1593 720 1632 sunt
743 1585 1073 1633 extendenda.

321 1649 389 1698 R.
415 1652 495 1696 20.
532 1652 777 1704 Quantum
799 1652 861 1699 ad
885 1652 1006 1699 alios
1024 1669 1191 1702 omnes
1216 1651 1298 1716 qui
1322 1668 1418 1701 non
1443 1661 1554 1701 sunt
1579 1651 1666 1700 ati-

255 1717 337 1767 cui
348 1717 613 1794 Episcopo
636 1718 914 1777 familiares,
942 1720 1173 1785 Episcopi
1217 1721 1457 1773 Gallicani
1483 1720 1665 1784 gravis-

251 1784 384 1834 simis
403 1786 465 1833 de
475 1786 1000 1853 causismultorumque
1023 1789 1435 1839 incommodorum
1447 1788 1669 1841 vitando·-

252 1870 361 1902 rum
379 1869 527 1902 causa
543 1870 621 1902 an.
644 1858 787 1904 1655.
806 1856 931 1903 inter
949 1873 1001 1904 se
1019 1867 1348 1905 convenerunt
1366 1856 1512 1905 solius
1524 1855 1665 1918 Epis-

254 1921 366 1987 copi
392 1921 710 1986 originis,non
736 1924 1106 1980 veiodomicilii‚
1125 1924 1673 1974 inOrdinationibusha-

238 1990 462 2039 -bendam
488 2006 595 2038 esse
612 1991 866 2049 rationem,
897 1992 1064 2058 pourl’
1077 1991 1481 2050 Ordination,l’on
1498 2009 1527 2039 n
1533 1994 1669 2040 ’aura

255 2059 406 2121 egard
427 2057 532 2123 qu’a
565 2058 786 2125 I’Eveqne
820 2061 876 2109 de
910 2060 955 2108 la
983 2063 1240 2109 naissance.
1311 2060 1456 2115 Unde
1482 2075 1595 2108 usus
1620 2059 1669 2107 in

258 2126 432 2174 Gauiis
469 2125 671 2174 invaluit
700 2137 754 2175 ut
777 2128 938 2175 nullus
962 2127 1061 2175 sive
1087 2138 1284 2177 tonsura
1309 2127 1523 2176 clericali
1562 2128 1665 2175 sive

330 2261 523 2319 Quaeres
564 2263 630 2312 7⁰·
681 2274 841 2311 utrum
887 2265 1046 2313 valeat
1089 2263 1260 2312 titulus
1306 2261 1545 2320 beneficii,
1582 2277 1669 2309 seu

258 2338 419 2384 utrum
463 2328 570 2393 quis
623 2331 773 2393 possit
813 2331 1022 2379 ordinari
1062 2332 1122 2379 ab
1160 2331 1405 2395 Episcopo
1444 2330 1492 2377 in
1532 2334 1669 2391 cujus

259 2398 480 2446 Dioecesi
505 2398 794 2447 beneficium
820 2399 1204 2448 ecclesiasticum
1231 2398 1483 2462 possidet?

326 2466 392 2513 R.
427 2471 496 2529 1⁰·
519 2470 632 2527 jure
669 2467 912 2515 communi
950 2483 1009 2515 ac
1048 2466 1177 2514 iniis
1203 2465 1437 2514 Ecclesiis
1478 2466 1526 2512 in
1565 2464 1669 2528 qui-

257 2533 348 2580 bus
389 2550 517 2581 nuno
554 2534 684 2598 viget
713 2534 950 2584 Bonifacii
985 2535 1130 2581 VIII.
1162 2539 1263 2596 jam
1304 2534 1500 2582 laudata
1538 2534 1668 2582 Con-

238 2600 461 2659 vstitutio,
498 2612 606 2666 cap.
634 2602 822 2658 Nullus,
858 2619 999 2667 posse
1040 2602 1313 2666 quempiam
1355 2602 1542 2653 ratione
1583 2603 1669 2651 be-

256 2667 419 2716 neficii
467 2669 527 2716 ab
564 2669 722 2717 alieno
761 2670 1004 2734 Episcopo
1041 2669 1266 2717 ordinari.
1338 2669 1549 2733 Oportet
1585 2687 1669 2718 au·

258 2746 357 2783 tem
389 2738 453 2782 1⁰·
492 2746 543 2784 ut
566 2737 859 2797 beneficium
882 2753 977 2785 non
1014 2737 1075 2786 sit
1115 2737 1164 2784 in
1188 2753 1274 2799 spe
1310 2747 1494 2786 tantum
1523 2738 1670 2801 etiam

258 2801 493 2868 proxima,
553 2804 639 2851 sed
687 2815 799 2852 actu
841 2820 1162 2866 possessum.¹
1201 2809 1266 2851 2⁰·
1303 2805 1403 2862 Ut,
1438 2805 1671 2855 detractis

259 2870 506 2924 oneribus,
550 2871 764 2920 sufficiat.
801 2873 864 2920 ad
903 2888 1164 2935 congruam
1204 2872 1314 2920 vitae
1361 2870 1673 2936 sustentatio-

256 2955 401 2996 nem3
436 2937 557 3002 quia*
573 2937 785 3004 alioquin
810 2951 938 2990 esset
960 2940 1142 2988 fraudis
1166 2941 1395 3007 suspicio,
1453 2941 1530 2991 Ita
1555 2956 1672 2988 con·¹

1598 3018 1674 3054 tra
