1846 3250
681 161 780 225 DE
816 168 1110 221 ORDINE.
1520 174 1613 223 187

194 306 544 374 Chorepiscopi
580 306 810 366 dicuntur
823 306 973 356 fuisse
997 307 1058 356 ad
1077 307 1280 356 formam
1297 306 1607 372 septuaginta

192 378 418 428 instituti.
457 386 461 396 ¹
484 377 553 424 At
578 375 810 439 Episcopi
837 377 1186 439 Apostolorum
1210 387 1323 424 sunt
1357 392 1608 424 successo-

130 487 133 490 .
192 464 288 504 res,
324 462 422 493 non
453 444 765 508 septuaginta
791 443 1175 507 Discipulorum.
1248 445 1380 509 Ergo
1420 444 1604 493 Chore-

195 513 381 579 piscopi
408 529 472 560 ex
497 528 584 579 sua
606 511 909 560 institutione
933 527 1029 559 non
1055 523 1192 561 erant
1218 512 1470 576 Episcopi.

263 584 329 630 2⁰·
366 579 712 645 Chorepiscopi
752 596 838 643 pro
865 580 1011 643 Pagis
1046 580 1285 628 duntaxat
1323 591 1373 629 et
1399 580 1608 644 Oppidis

193 649 631 700 constituebantur.
701 650 772 696 At
792 648 1012 697 Concilia
1033 648 1367 696 Laodicenum
1395 665 1501 696 can.
1526 652 1608 699 57.

197 717 471 766 Sardicensi
496 733 602 765 can.
625 719 672 764 6.
709 716 999 765 Toletanum
1030 718 1104 763 12.
1141 732 1248 763 can.
1272 719 1320 763 4.
1355 726 1520 764 vetant
1544 732 1608 765 ne

196 785 430 850 Episcopi
454 785 503 832 in
528 785 673 851 Pagis
701 784 1096 833 constituantur-
1143 783 1294 847 Ergo,
1331 788 1419 832 ἃς.
1490 785 1607 833 Hoc

196 863 485 918 argumento
522 854 880 910 utebantursss.
904 863 955 901 et
1002 856 1048 900 9.
1083 867 1194 900 saec.
1228 853 1464 900 Praesules
1490 853 1610 900 Gal-

194 921 357 981 licani,
393 932 448 971 ut
487 922 748 986 probarent
775 920 1164 986 Chorepiscopos
1200 936 1297 968 non
1323 936 1429 968 esse
1468 919 1610 985 Epis-

195 1006 363 1053 copos.
474 1040 476 1042 ,

262 1061 326 1106 3⁰·
364 1055 635 1106 Concilium
661 1056 957 1120 Hispalense
982 1060 1028 1106 2.
1068 1073 1177 1106 can.
1203 1058 1249 1107 7.
1283 1056 1348 1105 ait
1375 1071 1608 1121 expresse

198 1125 560 1190 Chorepiscopos
616 1124 690 1174 vel
743 1125 1071 1191 Praesbyteros
1120 1143 1216 1175 esse
1266 1143 1423 1181 unum,
1458 1128 1612 1189 juxta·

199 1194 425 1243 Canones.
493 1194 627 1258 Ergo
663 1193 1014 1259 Chorepiscopi
1048 1211 1146 1242 non
1181 1203 1320 1244 erant
1354 1210 1419 1242 ex
1451 1193 1609 1241 officio

195 1278 284 1310 suo
312 1261 559 1325 Episcopi.

200 1376 202 1378 .
264 1333 329 1377 4⁰·
365 1330 607 1377 Damasus
643 1328 796 1392 Epist.
820 1332 868 1377 5.
895 1330 1022 1379 Leo.
1057 1330 1098 1377 1.
1140 1328 1295 1394 Epist.
1331 1332 1414 1376 88.
1464 1329 1615 1377 Joan.

151 1394 156 1407 ³
197 1398 294 1446 III.
322 1397 476 1461 Epist.
500 1397 659 1454 unica,
702 1398 944 1462 Expresse
977 1399 1293 1461 pronuntiant
1333 1397 1463 1459 quod
1492 1397 1614 1446 Cho-

195 1466 426 1530 repiscopi
455 1466 592 1514 iidem
625 1466 719 1514 sint
753 1466 833 1530 qui
869 1474 912 1514 et
944 1465 1255 1532 Praesbyteri.
1324 1466 1471 1515 Unde
1510 1464 1580 1512 sic
1601 1483 1615 1511 ι

200 1534 251 1582 Si
278 1533 500 1598 genuinae
523 1533 618 1581 sint
656 1533 740 1580 illa
772 1533 1005 1595 Epistolae
1029 1550 1148 1598 quas
1180 1533 1394 1581 Isidorus
1421 1532 1618 1580 Merca-

199 1613 277 1650 tor
333 1600 390 1649 iis
448 1601 645 1649 summis
692 1601 1011 1649 Pontificibus
1069 1600 1342 1663 adscripsit,
1393 1600 1612 1663 sequitur

202 1668 593 1733 Chol-episcopos
632 1668 782 1717 fuisse
829 1669 1071 1734 simplices
1118 1668 1467 1733 Praesbyteros,
1516 1684 1616 1715 non

200 1738 303 1787 veri
326 1736 531 1785 nominis
572 1736 861 1800 Episcopus.
935 1737 986 1786 Si
1010 1738 1289 1802 suppositae,
1324 1736 1435 1796 sint,
1485 1747 1534 1785 et
1563 1737 1614 1784 S.

201 1823 314 1855 saec.
338 1806 426 1854 sub
451 1804 726 1853 nominibus
744 1805 936 1853 illorum
968 1805 1425 1861 Pontificumeditae,
1453 1814 1504 1852 ut
1531 1804 1616 1852 vix

201 1873 412 1924 dubitari
435 1883 614 1938 potest,
649 1873 798 1936 igitur
821 1873 992 1922 saltem
1016 1873 1111 1921 isto
1135 1873 1316 1921 saeculo
1340 1873 1488 1936 vulgo
1513 1888 1621 1921 cre-

200 1942 407 1991 debatur
450 1940 841 2004 Chorepiscopos
878 1941 982 1989 sola
1020 1939 1352 2005 praesbyterali
1377 1939 1618 2004 dignitate

199 2010 349 2058 fuisse
372 2007 641 2070 insignitos.
710 2008 821 2057 Nec
839 2008 966 2057 enim
992 2009 1225 2057 credibile
1251 2021 1325 2057 est
1341 2011 1616 2056 Auctorem

204 2078 288 2141 qui
334 2092 416 2125 eas
455 2075 614 2135 finxit,
651 2075 792 2124 aliter
840 2077 903 2124 de
952 2076 1329 2142 Chorepiscopis
1387 2075 1615 2125 docuisse

206 2160 348 2208 quam
375 2144 507 2209 quod
531 2143 797 2192 communis
821 2144 1007 2194 ferebat
1031 2145 1210 2210 opinio.

274 2216 355 2262 50·
399 2211 693 2275 Capitularia
740 2212 901 2261 Caroli
959 2213 1150 2281 Magni,
1188 2229 1393 2279 quorum
1439 2229 1618 2277 magna
1676 2236 1677 2241 ¹

204 2296 393 2344 semper
415 2279 507 2328 fuit
531 2279 809 2339 auctoritas,
847 2297 1078 2346 expresse
1117 2282 1297 2331 docent
1337 2281 1616 2330 functiones

205 2348 503 2413 episcopales
552 2348 929 2413 Chorepiscopis
973 2366 1071 2398 non
1112 2359 1411 2414 competere,
1452 2365 1619 2414 eosque

206 2435 297 2469 non
321 2434 417 2465 esse
439 2417 710 2482 Epi-scopos,
745 2418 828 2466 sed
842 2418 1064 2483 Episcopi
1095 2419 1315 2468 Vicarios.

273 2484 412 2533 Idem
437 2500 532 2532 saec
557 2488 604 2533 9.
639 2485 821 2533 docent
855 2486 1075 2535 Concilia
1099 2487 1232 2534 Pars.
1266 2490 1313 2534 6.
1351 2483 1618 2550 Aquisgra-

209 2568 360 2600 nense
384 2554 431 2598 2.
461 2552 734 2611 Mekiense,
760 2554 1004 2602 Metens-e.
1041 2554 1188 2604 Unde
1213 2553 1521 2602 manifestum
1542 2562 1618 2601 est

212 2620 340 2667 hanc
362 2618 510 2666 fuisse
536 2620 773 2670 Ecclesiae
800 2622 1067 2671 Gallicanae
1091 2622 1379 2671 doctrinam.

281 2688 421 2736 Dices
450 2689 525 2733 10·
563 2689 788 2753 Synodus
814 2692 1080 2756 Ancyrana
1103 2707 1211 2739 can.
1241 2694 1316 2739 13.
1340 2690 1410 2739 sic
1434 2690 1581 2739 habet
1602 2707 1617 2736 ε

210 2754 317 2804 Fas
340 2773 431 2803 non
454 2763 520 2803 est
548 2757 904 2823 Chorepiscopos
943 2760 1163 2808 ordinare
1197 2758 1519 2825 Proesbyteros
1549 2755 1621 2806 vel

210 2824 467 2880 Diac0n08‚
501 2824 583 2873 sed
614 2842 758 2891 neque
815 2826 952 2876 Urbis
991 2827 1328 2891 Proesbyteros,
1375 2826 1468 2875 nisi
1512 2840 1619 2874 cum

209 2891 407 2939 Litteris
454 2889 511 2939 ab
562 2891 789 2959 Episcopo
842 2896 1112 2959 permissum
1135 2896 1316 2961 suerit,
1351 2896 1402 2943 in
1460 2892 1618 2940 aliena,

208 2957 465 3014 parochia.
535 2957 605 3008 At
661 2960 750 3010 nisi
805 2960 1010 3015 fuissent
1067 2963 1317 3030 Episcopi,
1338 2959 1620 3024 nequidem

733 3031 748 3050 ‘'
818 3030 862 3078 R
889 3033 921 3077 3
992 3042 998 3046 ·
1305 3028 1625 3096 permittente
