1846 3250
640 211 737 260 DE
774 208 1069 260 ORDINE.
1231 243 1233 245 -
1482 214 1573 262 141

150 348 355 398 initiatis
395 346 674 412 imponitur,
710 346 901 411 signum
930 357 1005 395 est
1039 344 1149 394 novi
1186 345 1391 398 hominis
1427 364 1574 411 quem

159 419 360 466 induere
385 417 583 465 debent.

224 488 304 534 30·
339 486 491 533 Juxta
514 480 889 548 probabiliorem
926 498 985 530 ac
1010 482 1164 531 multo
1193 483 1575 531 communiorem

162 553 456 605 sententiam
501 567 639 600 sacra
680 549 904 598 Tonsura
949 567 1047 597 non
1095 561 1170 598 est
1214 551 1354 598 Ordo
1376 552 1572 615 proprie

156 621 332 677 dictus,
369 620 457 668 sed
499 620 738 668 duntaxat
780 617 1030 681 dispositio
1066 618 1128 665 ad
1163 618 1375 668 Ordinis.
1446 620 1579 667 Nam>

151 689 343 737 Concil.
381 687 516 736 Trid.
538 703 654 736 sess.
690 688 770 734 23.
795 702 838 733 c.
863 687 910 732 2.
944 686 1129 733 indicat
1171 686 1442 734 Tonsuram
1468 697 1573 735 tan·

155 767 259 804 tum
319 767 373 804 ut
431 755 793 820 dispositionem
853 754 914 801 ad
963 752 1173 802 Ordines
1217 753 1574 818 suscipiendos.

160 826 241 870 20·
278 823 616 873 Catechismus
638 822 826 872 Concil.
852 823 895 869 T
899 821 987 869 rid.
1012 822 1073 870 de
1112 822 1327 871 Sacram.
1397 823 1578 870 Ordin-

158 908 291 940 num.
316 894 396 943 27.
432 907 664 956 expresse
706 891 852 938 docet
878 889 1150 937 Tonsurom
1194 906 1300 938 esse
1333 891 1578 955 quandam

157 960 555 1025 praeparationem
603 959 666 1007 ad
713 958 923 1007 Ordines
969 957 1299 1021 accipiendos.
1370 962 1450 1006 30·
1510 959 1577 1006 D.

163 1027 337 1075 Thom.
388 1028 558 1092 Suppl.
594 1043 640 1091 q·.
671 1030 752 1075 40.
785 1035 877 1073 art.
915 1027 962 1072 2.
996 1026 1176 1090 apertis
1222 1025 1382 1074 verbis
1430 1025 1577 1074 tradit

164 1094 434 1144 Tonsuram
476 1110 570 1144 nec
619 1094 856 1143 Ordinem
911 1110 1035 1150 esse,
1094 1110 1187 1142 nec
1241 1093 1577 1143 characterem

161 1161 452 1227 imprimere.
520 1168 602 1211 4⁰·
626 1163 848 1210 Tonsura
865 1163 1045 1210 nullam
1070 1173 1363 1226 potestatem
1390 1162 1590 1212 confert·

161 1231 363 1280 relative
388 1231 448 1279 ad
474 1229 850 1286 Eucharistiam,
887 1230 1002 1277 nihil
1030 1230 1114 1278 dat
1133 1231 1262 1280 unde
1287 1231 1439 1295 possit
1456 1231 1579 1280 'Cle-

161 1298 288 1347 ricus
338 1298 657 1346 Eucharistiae
700 1297 935 1346 sacrificio
981 1297 1180 1361 speciali
1221 1298 1580 1361 quodammodo

165 1367 433 1431 cooperari,
458 1366 545 1415 sed
569 1365 872 1413 solummodo
898 1381 1130 1429 capacem
1155 1366 1318 1414 reddit
1340 1365 1581 1415 Beneficii

165 1433 462 1497 possidendi.
534 1433 691 1497 Igitur
716 1434 937 1481 Tonsura
977 1444 1050 1481 est
1079 1443 1267 1481 tantum
1291 1435 1582 1498 praeparatio

167 1502 229 1549 ad
272 1502 497 1559 Ordines,
536 1512 586 1549 et
625 1516 677 1549 se
719 1501 866 1549 habet
907 1500 968 1549 ad
1008 1516 1091 1549 eos
1137 1501 1264 1550 sicut
1303 1501 1581 1550 Novitiatus

165 1568 400 1634 regularis
424 1570 485 1617 ad
512 1568 867 1617 professionem
889 1568 1221 1616 monasticam.

194 1652 197 1654 ’
235 1642 310 1686 4⁰·
347 1637 574 1692 Quamvis
602 1638 824 1684 Tonsura
864 1652 963 1685 non
988 1636 1050 1684 sit
1086 1636 1224 1684 Ordo
1257 1637 1454 1702 proprie
1478 1638 1582 1687 dic-

167 1717 261 1763 ως,
315 1705 644 1770 antiquissima
690 1715 850 1752 tamen
899 1716 973 1753 est
1019 1706 1324 1763 caeremonia,
1366 1723 1475 1770 quae
1515 1722 1582 1756 ex

169 1774 411 1821 communi
454 1773 766 1821 Eruditorum
814 1772 1056 1820 sententia
1093 1776 1141 1819 4·.
1185 1784 1271 1821 aut
1317 1777 1363 1822 5.
1398 1776 1583 1823 saeculo

169 1842 434 1890 obtinebat.
477 1843 582 1889 [mo
625 1841 830 1888 Veteres
870 1838 1089 1888 nonnulli
1127 1852 1349 1889 asserunt
1384 1839 1514 1890 illam
1552 1859 1582 1890 a

173 1910 220 1956 S.
239 1911 385 1957 Petro
400 1924 505 1957 esse
530 1909 813 1966 institutam,
840 1907 887 1953 in
913 1922 1068 1969 eoque
1093 1920 1363 1971 sequuntur
1387 1909 1581 1973 Grego—

167 1977 291 2025 rium
313 1977 665 2033 Turonensem,
691 1975 773 2038 qui
798 1975 880 2022 lib.
910 1976 950 2021 l.
969 1975 1032 2023 de
1052 1974 1222 2023 Gloria
1247 1977 1397 2024 Mart.
1415 1993 1458 2025 c.
1497 1981 1579 2028 27.

170 2043 270 2091 ait:
320 2043 498 2091 Petrus
543 2042 798 2107 Apostolus
845 2044 911 2090 ad
970 2042 1274 2092 humilitatem
1332 2040 1584 2095 docendam

171 2119 309 2174 caput
333 2112 523 2176 desuper
547 2111 728 2159 tonderi
751 2110 966 2159 instituit.

241 2182 321 2226 50·
360 2179 440 2226 Sic
465 2195 493 2226 a
518 2189 619 2227 tota
636 2187 765 2226 retro
790 2178 1078 2243 antiquitate
1102 2195 1190 2227 usu
1226 2191 1482 2244 receptum
1507 2192 1582 2230 est

173 2247 442 2294 Tonsuram
480 2246 743 2295 Ordinibus
788 2246 1098 2309 praemittere,
1159 2258 1212 2295 ut
1258 2264 1406 2296 nemo⁴
1448 2249 1585 2299 licite

171 2314 321 2378 possit
346 2314 407 2362 ad
431 2330 514 2362 eos
539 2314 809 2377 promoveri
849 2314 938 2362 nisi
962 2315 1092 2378 prius
1132 2315 1280 2365 fuerit
1320 2317 1402 2364 illa
1435 2316 1581 2382 insig-

173 2383 317 2439 nitus,
355 2393 407 2429 ut
440 2382 554 2429 satis
595 2382 777 2429 indicat
818 2383 1005 2430 Concil.
1032 2382 1165 2430 Tri-d.
1187 2399 1305 2431 sess.
1348 2387 1427 2433 23.
1459 2400 1505 2433 c.
1535 2388 1583 2432 ⁶2.

174 2451 255 2498 nbi
280 2450 346 2497 ait
380 2467 453 2498 eos
476 2450 556 2515 qui
572 2454 683 2515 jam
723 2449 927 2498 clericali
966 2452 1181 2499 Tonszcra
1219 2451 1434 2517 insigniti
1455 2462 1603 2509 Sunt,·

167 2531 257 2581 per
273 2519 468 2566 minores
490 2519 555 2565 ad
575 2520 770 2582 majores
793 2515 1039 2566 ascendere
1069 2518 1244 2581 debere.

200 2605 203 2608 ·
243 2585 318 2630 6⁰·
356 2584 436 2631 Ad
481 2585 674 2633 Sacram
700 2586 970 2632 Tonsuram
1013 2586 1322 2649 requiruntur
1338 2590 1586 2637 nonnullae

175 2651 524 2715 dispositiones,
578 2652 639 2700 d'e
677 2652 849 2714 quibus
895 2651 965 2700 sic
1002 2653 1159 2702 habet
1207 2654 1395 2704 Concil.
1447 2657 1586 2706 Trid.

177 2735 293 2766 sess.
317 2720 397 2765 23.
421 2734 527 2783 cap.
550 2723 597 2766 4.
633 2719 802 2768 Prima
842 2721 1055 2769 Tonsura
1092 2738 1183 2770 non
1219 2722 1462 2773 initientur
1503 2717 1602 2791 qni

181 2789 522 2834 Sacramentum
555 2787 933 2852 Confirmationis
966 2806 1057 2837 non
1092 2792 1388 2855 susceperint,
1424 2801 1469 2840 et
1493 2794 1584 2841 Fi-

177 2856 253 2901 dei
289 2853 547 2901 rudimenta
569 2854 716 2903 edocti
761 2873 853 2905 non
877 2856 1092 2920 fuerint,
1126 2859 1297 2922 quique
1340 2854 1492 2924 legere
1539 2872 1586 2911 et

177 2920 374 2969 scribere
412 2922 631 2979 nesciant,
647 2932 649 2934 ’
665 2932 709 2969 et
748 2924 804 2971 de
843 2923 1008 2986 quibus
1042 2924 1295 2988 probabilis
1321 2930 1588 2992 conjectum

177 3001 267 3038 non
310 2989 367 3036 sit
408 3005 483 3037 eos
529 3004 619 3040 non
664 2989 898 3049 saecularis
922 2990 1081 3052 judici
1104 2992 1353 3055 fieyiendii
1398 2992 1605 3054 fraudes

1504 3069 1587 3115 sed
