1852 3250
293 174 353 219 is
789 146 1217 223 TRACTATUS

290 307 601 371 praetermissi
657 318 769 356 sunt
811 310 1029 375 Acolyti,
1069 311 1344 359 Exorcistae
1390 320 1437 358 et
1493 309 1705 358 Ostiarii.

292 376 414 430 Quis
438 393 553 424 vero
580 377 838 425 crediderit
867 389 963 426 tres
988 378 1093 426 illos
1119 379 1363 427 Ordines
1352 394 1398 425 in
1419 379 1520 426 istis
1546 378 1704 425 Libris

290 455 427 492 const
433 455 572 493 {⁴1nte1
595 444 743 493 fuisse
768 463 821 509 pi
827 457 943 494 aetei
949 464 1133 504 missos,
1170 447 1207 494 si
1233 449 1361 512 apud
1390 448 1591 494 Graecos
1617 457 1700 493 aut

293 513 572 560 Orientales
597 510 959 562 obtinuissent?

357 582 501 630 Dices
530 584 605 628 10·
665 582 930 647 Dionysius
958 583 1261 647 Areopagita
1285 584 1395 631 Lib.
1420 584 1482 631 de
1508 572 1702 629 Eccles.

286 648 427 697 Hier.
451 660 549 698 tres
574 650 812 699 duntaxat
832 651 1052 715 agnoscit
1079 653 1305 709 Ordines,
1341 651 1531 699 scilicet
1567 651 1710 714 Epis-

285 731 539 781 coporum‚
578 719 1010 784 Praesbyterorum‚
1047 721 1398 768 Diaconorum.
1459 720 1614 783 Igitur
1638 735 1700 765 ex

284 785 400 850 ipsis
427 788 726 835 Auctoribus
768 788 939 850 graecis
976 800 1184 852 quatuor
1219 805 1314 836 non
1350 788 1548 836 fuerunt
1589 787 1702 835 olim

282 854 414 918 apud
440 855 642 902 Graecos
667 856 897 904 Ordines.

354 925 417 971 R.
461 924 510 971 S.
536 923 825 989 Dionysium
864 925 943 973 hic
985 940 1242 973 recensere
1278 934 1465 973 tantum
1493 922 1703 971 Ordines

284 989 629 1050 hierarchicos,
667 1009 752 1040 seu
779 993 858 1057 qui
880 1009 1124 1041 annexum
1162 993 1422 1057 quemdam
1449 993 1629 1039 habent
1654 991 1701 1037 in

285 1058 488 1107 Plebem
509 1060 815 1108 christianam
839 1061 1162 1126 principatum
1183 1081 1196 1117 ;
1234 1079 1329 1108 non
1354 1077 1470 1108 vero
1486 1060 1702 1123 singulos

286 1126 515 1176 Ordines.
590 1129 743 1177 Porro
766 1130 975 1178 fatemhr
1000 1140 1098 1178 tres
1134 1139 1319 1177 tantum
1359 1145 1463 1176 esse
1490 1127 1700 1176 Ordines

284 1194 632 1255 hierarchicos,
676 1214 852 1261 nempe
895 1197 1250 1261 episcopatum,
1299 1198 1703 1262 praesbyteratum

284 1273 333 1311 et
360 1265 690 1320 diaconatum,
726 1277 870 1330 prout
895 1266 1147 1315 definitum
1173 1276 1247 1314 est
1282 1282 1312 1314 a
1337 1265 1525 1347 Concil.
1567 1263 1702 1312 'Irid.

280 1349 396 1380 sess.
421 1335 502 1380 24.
538 1349 647 1381 can.
671 1337 718 1382 6.

351 1401 495 1450 Dices
522 1404 586 1448 2³·
650 1401 699 1449 S.
729 1402 947 1467 [gnatius
974 1401 1130 1466 Epist.
1169 1401 1229 1448 ad
1257 1401 1594 1449 Antiochenos
1628 1398 1699 1447 sic

276 1468 525 1532 loquitur:
578 1469 741 1518 Saluto
786 1478 994 1520 sanctum
1039 1469 1407 1535 prcesbylerizcm,
1457 1470 1701 1518 Diaconos

286 1538 614 1595 Subdiaconos,
653 1539 885 1596 Lectore3‚
926 1539 1167 1593 Clamores,
1199 1537 1446 1593 Οείὶαφὶοε,
1503 1536 1697 1599 Confes-

276 1622 421 1677 soreS,
460 1606 685 1671 Virgines,
724 1607 910 1655 Viduas.
947 1604 1136 1658 Quibus
1161 1615 1349 1668 patetr>
1321 1619 1508 1653 ‹rraecos
1527 1604 1695 1651 Patres

276 1670 523 1721 numerari
550 1674 712 1736 plures
737 1690 878 1736 quam
905 1683 1113 1737 quatuor
1139 1673 1369 1720 Ordines.

351 1743 411 1790 R.
445 1746 504 1788 1⁰·
541 1742 666 1789 hanc
695 1741 963 1805 Epistolam
988 1742 1077 1788 sub
1114 1741 1307 1788 nomine
1334 1739 1510 1805 Ignatii
1545 1738 1694 1788 fuisse

279 1809 597 1874 Suppositam,
634 1821 688 1857 ut
711 1810 926 1857 fatentur
952 1797 1142 1856 Eruditi
1169 1825 1353 1856 omnes.

279 1891 284 1894 ·
349 1881 416 1924 2⁰·
442 1878 639 1926 Ostiarii
666 1889 714 1926 et
737 1877 1010 1926 Exorcistae
1034 1877 1113 1924 hic
1132 1876 1327 1940 quidem
1350 1884 1694 1925 memorantur.

282 1946 351 1993 At
377 1963 474 1993 non
499 1947 617 1995 licet
652 1946 764 1995 inde
790 1946 1086 1994 concludere
1121 1944 1229 1992 illos
1253 1944 1442 1993 habitos
1465 1944 1614 1992 fuisse
1640 1943 1694 1992 ut

278 2014 494 2063 'Ordines
540 2015 735 2079 proprie
783 2014 957 2071 dictos,
1008 2013 1095 2060 nisi
1144 2014 1323 2077 pariter
1371 2013 1692 2061 concludatur

279 2081 536 2146 Virginum
561 2098 619 2130 ac
648 2083 912 2130 Viduarum
933 2098 1029 2145 que
1057 2098 1116 2128 eo
1141 2080 1235 2129 loci
1261 2098 1462 2146 quoque
1483 2096 1693 2129 comme-

278 2150 546 2208 morantur,
584 2150 826 2215 propriam
852 2167 909 2197 ac
935 2165 1097 2198 veram
1133 2148 1280 2198 fuisse
1308 2149 1693 2198 Ordinationem.

280 2218 358 2266 Ibi
381 2219 529 2282 igitur
552 2218 827 2283 promiscue
854 2226 1179 2266 memorantur
1219 2229 1320 2265 tum
1347 2217 1556 2267 Ordines
1582 2232 1691 2292 pro-

280 2287 383 2364 prie
409 2286 544 2344 dicti,
581 2298 682 2335 tum
709 2286 955 2341 Ordines
944 2302 1005 2332 lm
1047 2285 1205 2348 roprie
1240 2285 1375 2343 dicti,
1411 2301 1498 2332 seu
1534 2283 1693 2330 minis-

279 2356 403 2403 teria
444 2355 664 2419 quaedam
708 2354 928 2402 exerceri
966 2354 1108 2401 soita
1148 2353 1292 2399 etiam
1335 2369 1363 2400 a
1391 2351 1688 2407 mulieribus,

279 2440 388 2488 quae
414 2424 609 2487 quidem
636 2423 792 2470 officia
827 2423 950 2470 citra
974 2420 1341 2469 Ordinationem
1368 2419 1562 2483 proprie
1587 2418 1689 2465 dic-

277 2489 373 2538 'tam
413 2491 805 2548 conferebantur,
843 2490 1059 2554 quamvis
1083 2500 1244 2536 tamen
1273 2488 1514 2535 interdum
1541 2488 1689 2533 bene-

274 2558 517 2623 dictiones
543 2559 759 2622 quaedam
786 2558 930 2606 etiam
971 2574 1079 2604 cum
1107 2572 1274 2604 manus
1308 2554 1614 2619 impositione
1640 2555 1687 2600 in

273 2624 330 2674 iis
357 2624 707 2675 constituendis
733 2626 1093 2674 adhiberentur.

277 2696 280 2698 ’
347 2695 534 2742 Eodem
561 2694 706 2741 modo
731 2693 934 2756 intelligi
960 2693 1141 2740 debent
1166 2700 1267 2738 tum
1297 2691 1345 2739 S.
1374 2690 1612 2754 Epiphan.
1637 2690 1685 2736 in

274 2762 585 2827 expositione
611 2761 745 2809 Fidei
773 2777 816 2809 c.
841 2763 920 2808 21.
943 2770 1058 2808 tum
1085 2775 1192 2806 can.
1215 2761 1294 2806 24.
1331 2759 1537 2807 Concilii
1564 2760 1690 2806 Lao-

278 2832 374 2879 dic.
410 2867 412 2873 ,
464 2829 543 2877 ubi
587 2829 776 2876 diversa
811 2827 968 2875 officia
1014 2827 1346 2875 ecclesiastica
1393 2826 1682 2890 praeinixtim

278 2915 389 2946 cum
415 2898 553 2946 valiis
582 2896 818 2946 Ecclesiae
841 2895 1105 2943 Ordinibus
1130 2905 1463 2942 recensentur.

344 2967 528 3015 Dices‘
515 2971 576 3033 5⁰·
612 2965 827 3013 Joannes
853 2963 998 3010 VIII.
1039 2963 1084 3009 in
1126 2962 1341 3025 Epistola
1383 2963 1441 3010 ad
1469 2954 1683 3023 Impera-

1556 3038 1685 3073 tores
