1846 3250
531 165 631 215 DE
671 148 1171 215 MATRIMONIO.
1469 166 1579 217 ’ἕω

245 365 322 413 De
369 357 660 427 sponsalium
707 360 992 417 necessitate,
1036 357 1257 417 utilitate,
1293 336 1390 409 loco
1421 369 1470 410 et
1516 356 1518 358 ’

741 434 962 489 tempore.

220 564 407 617 Quceres
439 564 512 609 10·
549 570 712 610 utrum
736 557 982 624 sponsalia
1019 559 1327 609 matrimonio
1366 559 1463 611 sint
1493 578 1579 612 nef-

148 631 359 679 cessario
384 628 762 694 piaemittenda?

217 697 285 745 R.
344 697 571 762 negative,
627 712 757 753 cum,
818 692 1046 743 Ecclesia
1100 710 1198 743 non
1254 694 1577 760 improbante,

146 765 435 813 omittantur
459 764 507 810 in
534 764 695 811 multis
723 760 1058 815 Dioeeesibus,
1097 778 1309 826 cumque
1321 764 1390 811 ad
1415 766 1578 815 matri-

147 833 364 879 monium
388 832 596 880 sufficiat.
620 846 882 894 corporum
908 828 1122 879 traditio.

222 900 317 948 Ubi
343 911 506 947 tamen
548 898 792 962 sponsalia
835 896 1175 947 ecclesiastica
1210 897 1583 963 praecipiuntur,

139 970 285 1028 juxta
310 966 455 1013 ritum
480 966 819 1029 praescriptum
856 965 1155 1013 celebranda
1191 975 1335 1023 sunt,
1358 982 1452 1015 neo
1477 967 1580 1015 sine

149 1043 356 1095 peccato
381 1033 515 1096 gravi
540 1032 725 1096 negligi
767 1041 1000 1095 possunt;
1038 1033 1151 1095 quia
1189 1032 1422 1128 potestati
1461 1033 1584 1099 legi-

152 1100 282 1147 timae
306 1100 515 1148 debetur
540 1099 847 1163 obsequium.

222 1169 420 1223 Qecaeres
445 1172 524 1215 20·
562 1177 723 1216 utrum
752 1166 890 1215 utilia
920 1165 1016 1218 sint
1040 1167 1324 1230 sponsalia?

220 1235 283 1282 R.
320 1250 378 1282 ea
403 1235 539 1282 utilia
563 1250 687 1292 esse,
729 1238 805 1281 1⁰·
849 1245 903 1285 ut
941 1235 1128 1282 facilius
1172 1235 1471 1299 detegantur
1492 1236 1583 1283 im-

150 1301 433 1364 pedimenta
456 1302 730 1350 dirimentia
753 1311 839 1350 aut
874 1301 1200 1365 prohibentia,
1237 1303 1276 1350 si
1319 1319 1430 1365 quae
1471 1303 1586 1361 sint,

156 1372 237 1416 20·
278 1369 345 1417 Ut
369 1369 530 1432 sponsi
555 1369 784 1433 precibus
826 1369 993 1417 aliisve
1012 1368 1173 1469 c,bonis
1201 1370 1431 1433 operibus
1453 1371 1588 1426 faus-

153 1447 256 1484 tum
302 1437 583 1500 conjugium
624 1436 892 1484 obtineant.
1040 1436 1197 1485 Ut·
1185 1452 1232 1482 in
1260 1453 1312 1485 re
1336 1437 1460 1485 tanti
1484 1453 1588 1485 mo-

153 1502 303 1551 menti
329 1503 563 1551 maturius
588 1513 751 1566 agant.
814 1504 923 1553 Neo
949 1503 1151 1556 dubium
1172 1514 1246 1552 est
1271 1503 1389 1572 quin
1415 1505 1477 1552 ob
1498 1520 1586 1553 eos

155 1570 275 1618 fines
301 1570 522 1620 instituta
545 1569 726 1621 fuerint
749 1570 1008 1632 sponsalia.

141 1687 143 1689 ,
229 1639 420 1694 Quoeres
446 1641 526 1685 3⁰·
562 1653 658 1701 quo
696 1636 745 1683 in
786 1637 898 1685 loco
939 1635 1183 1701 sponsalia
1224 1637 1463 1704 celebrari
1501 1638 1589 1687 de-

159 1706 340 1755 beant?

226 1773 287 1821 R.
330 1774 403 1820 10·
438 1770 485 1819 in
530 1770 843 1827 Dioecesibus
886 1772 968 1819 ubi
1011 1769 1255 1834 sponsalia
1297 1770 1459 1820 civilia
1482 1782 1589 1822 tan-

157 1850 260 1887 tum
285 1839 526 1894 obtinent,
561 1855 705 1901 posse
744 1854 804 1887 ea
845 1837 1064 1901 quolibet
1099 1837 1147 1883 in
1175 1839 1285 1885 loco
1312 1840 1549 1888 celebrari
1579 1862 1592 1896 ;

161 1907 274 1971 quia
313 1906 578 1971 specialem
620 1907 783 1953 locum
829 1906 910 1953 ubi
953 1904 1189 1952 celebrari
1232 1904 1445 1954 debeant
1472 1906 1588 1956 Lex

160 1974 295 2023 nulla
336 1973 557 2026 sancivit,
645 1972 758 2022 Non
801 1973 949 2020 decet
1005 1983 1171 2021 tamen
1217 1981 1270 2020 ut
1312 1972 1360 2019 in
1398 1974 1588 2038 popinis

162 2041 297 2088 fiant.
368 2042 448 2086 20·
488 2040 542 2086 In
588 2039 901 2087 Dioecesibus
942 2039 1022 2086 ubi
1064 2039 1308 2102 sponsalia
1332 2042 1592 2089 ecclesias.

164 2107 264 2156 tica
307 2106 491 2169 vigent,
529 2107 729 2163 debent,
767 2123 831 2155 ex
887 2106 1182 2164 Ritualibus‚
1217 2105 1266 2159 in
1301 2107 1428 2156 loco
1448 2124 1591 2158 sacro

164 2184 214 2223 et
239 2174 436 2237 publico
462 2174 731 2230 celebrari3
766 2190 859 2223 nec
885 2173 1088 2238 proinde
1120 2174 1169 2220 in
1212 2173 1451 2223 Oratoriis
1490 2177 1591 2224 Re

162 2241 442 2306 ligios'orum
469 2252 553 2290 aut
581 2241 784 2292 Sacellis
803 2240 1101 2299 domesticis

218 2309 427 2422 lQupaeres
451 2308 531 2356 4⁰·
570 2324 667 2372 quo
706 2319 927 2373 tempore
965 2306 1204 2361 celebrari
1238 2307 1438 2374 possint
1448 2326 1593 2373 spon-

165 2391 218 2424 sa
239 2391 282 2423 ia

238 2444 297 2491 R.
334 2442 503 2506 quovis
544 2442 783 2520 tempore,
818 2443 963 2491 etiam
1003 2442 1427 2521 quadragesimali,
1480 2443 1594 2522 quia

167 2507 218 2562 id
243 2496 376 2557 nulla
397 2510 537 2574 Lege
560 2511 764 2562 vetitum
790 2520 881 2559 est.

239 2643 319 2694 De
356 2642 584 2696 Ministro
634 2642 944 2712 ›Sponsalzum‚
981 2644 1170 2709 (jusque
1215 2643 1376 2711 officiis
1415 2629 1555 2710 erga,

784 2713 999 2777 sponsos

190 2846 436 2901 Quaeres
478 2845 554 2892 1⁰·
578 2843 695 2908 quis
719 2844 783 2899 sit
806 2843 1103 2909 sponsalium
1127 2843 1411 2893 Minister?

245 2913 307 2960 R.
350 2909 632 2965 Ministrum
678 2911 973 2974 sponsalium
1039 2904 1272 2960 ecclesias
1253 2912 1484 2962 tinorum
1534 2912 1599 2975 de

174 2964 351 3041 quibus
387 2976 466 3025 hic
497 2976 681 3042 agitur,
733 2993 839 3027 esse
900 2978 1194 3039 Parochutu,
1248 2989 1331 3026 aut
1369 2993 1479 3026 eum
1517 2980 1600 3041 qui

869 3044 915 3102 Y
1475 3045 1602 3102 vites
