1846 3250
611 100 709 149 DE
748 68 1641 149 MATR1M6N10.239

286 236 354 284 R
387 236 680 300 affirmative,
706 252 761 282 ex
779 252 879 299 cap.
905 235 1040 283 unico
1058 234 1116 282 de
1143 234 1309 295 Spons.
1335 233 1405 282 in-
1431 234 1478 280 6
1542 230 1640 278 Ve-

216 314 476 352 iumtatem
501 318 530 350 a
554 312 776 366 tempore
804 302 996 349 Concil.
1021 301 1158 348 Trid.
1202 311 1254 349 ut
1280 297 1639 348 matiimonium

220 370 456 432 ejusmodi
502 369 597 416 vim
641 369 935 433 sponsalium
983 349 1179 427 habeat,
1218 366 1439 417 contrahi
1488 364 1637 413 debet

219 453 328 484 cum
355 435 716 485 conditionibus
734 437 856 484 Jure
883 451 1007 483 novo
1032 436 1293 514 requisitis,
1319 452 1363 482 v.
1389 452 1437 498 g.
1473 447 1639 481 coram

219 504 441 552 Pau-ocho
466 513 514 551 et
540 504 762 552 testibus.
833 503 960 550 Haec
1002 504 1167 565 praxis
1206 504 1378 550 Romae
1400 511 1640 557 servatur,

217 580 343 619 teste
370 572 644 635 Fagnano
625 589 672 620 m
699 588 798 635 cap.
821 570 878 618 de
901 570 1012 626 illis,
1050 571 1108 618 de
1124 572 1276 632 Desp.
1301 568 1469 632 impub.

293 639 489 697 choeres
513 643 578 686 40·
616 638 732 700 quid
757 637 1065 685 sentiendum
1091 636 1154 685 de
1184 636 1488 700 sponsalibus
1512 633 1641 682 inter

218 705 527 755 Catholicum
555 716 604 754 et
631 705 935 753 Haeieticum
959 703 1129 751 initis?

287 774 352 821 R.
389 773 491 821 haec
530 773 772 821 ordinarie
814 773 981 819 illicita
1022 786 1145 830 esse,
1181 769 1280 818 imo
1317 779 1366 818 et
1409 769 1638 816 invalida.

220 840 345 887 Nam
386 841 745 889 matrimonium
779 839 1023 889 Catholici
1061 855 1173 887 cum
1219 836 1485 893 Haeretica,
1523 837 1642 884 licet

218 922 314 953 non
340 906 400 955 sit
426 907 689 955 invalidum
724 906 1061 963 communiter,
1098 915 1262 969 tamen
1299 913 1374 952 est
1397 903 1641 951 illicitum.

219 973 372 1020 Porro
397 975 637 1036 sponsalia
657 991 753 1022 non
778 984 981 1038 possunt
1000 973 1220 1036 obligare
1245 972 1306 1020 ad
1331 970 1572 1018 illicitum.

290 1041 483 1098 Quaeres
508 1045 576 1090 5⁰·
611 1058 671 1089 an
708 1041 950 1118 sponsalia
986 1057 1096 1104 quae
1131 1038 1431 1089 cohabitatio
1473 1038 1644 1085 subse-

216 1117 336 1155 cuta
356 1108 434 1165 sit,
472 1109 764 1157 matrimonii
789 1108 1024 1156 rationem
1045 1107 1342 1172 acquirant?

284 1176 347 1223 R.
386 1176 509 1223 Rem
548 1177 615 1225 ita
654 1176 768 1224 olim
804 1176 954 1223 fuisse
990 1193 1050 1223 ex
1075 1176 1196 1223 Jure
1232 1173 1419 1230 veteri;
1457 1171 1546 1220 sed
1572 1186 1638 1218 ex

220 1243 376 1292 Cone
406 1243 539 1290 Tnusid
568 1245 649 1293 cui
674 1253 1003 1292 consentanea
1031 1243 1232 1291 Sanctio
1258 1209 1519 1297 Bleseiisis‚
1546 1248 1639 1285 art.

217 1312 266 1357 4.
303 1309 489 1356 nullum
539 1328 669 1360 nunc
711 1311 873 1359 valere
921 1320 1085 1374 potest
1131 1309 1513 1362 matrimonium,
1549 1303 1641 1353 nisi

220 1392 384 1425 coram
411 1377 635 1426 Parocho
661 1388 711 1427 et
736 1378 939 1426 testibus
965 1378 1267 1426 celebratum
1304 1375 1470 1424 fuerit-

296 1450 489 1500 Quaeres
513 1449 578 1494 6⁰·
615 1463 677 1495 an
725 1446 918 1493 valeant
963 1444 1205 1509 sponsalia
1248 1452 1504 1493 contracta
1551 1440 1643 1489 sub

217 1511 533 1563 conditione?

285 1580 349 1628 R.
391 1582 455 1626 1⁰·
500 1578 742 1644 sponsalia
788 1588 1043 1628 contracta
1088 1580 1180 1627 sub
1227 1576 1510 1627 conditione
1557 1583 1643 1622 ant

216 1647 493 1695 necessario
525 1648 704 1703 futura,
742 1648 817 1695 vel
867 1646 1091 1711 praesenti
1134 1663 1243 1710 quae
1289 1650 1406 1693 aotu
1442 1641 1645 1700 existat,

218 1714 295 1761 vel
321 1714 572 1778 praeterita
597 1731 706 1778 quae
741 1715 1003 1772 exstiterit,
1040 1715 1203 1762 valere
1239 1712 1401 1760 statim
1439 1727 1498 1759 ac
1524 1725 1643 1759 con-

218 1789 376 1830 tracta
419 1793 562 1839 sunt,
551 1803 561 1813 ·
598 1792 701 1830 tum
741 1782 852 1843 quia
883 1781 1019 1829 nullo
1052 1783 1176 1830 Jure
1216 1780 1466 1828 irritantur
1486 1798 1507 1835 ;Ἰ
1533 1788 1640 1826 tum

204 1848 331 1911 'quia
355 1866 451 1926 non
476 1849 839 1913 suspenduntur
858 1865 921 1896 ex
944 1847 1279 1896 conditionum
1302 1854 1498 1904 eventu,
1527 1859 1640 1907 cum

217 1916 413 1980 proprie
439 1933 535 1964 non
561 1917 656 1963 sint
681 1915 1002 1971 conditiones.

248 1984 322 2036 20·
364 1983 618 2047 Sponsalia
653 1992 907 2030 contracta
941 1984 1031 2030 sub
1071 1980 1353 2030 conditione
1385 1981 1448 2028 de
1470 1978 1644 2028 futuro

219 2050 540 2114 contingenti,
579 2050 784 2097 honesta
808 2060 857 2097 et
882 2048 1113 2113 possibili,
1151 2048 1246 2097 vim
1272 2048 1454 2096 habent
1474 2045 1641 2097 statim

218 2126 368 2179 atque
393 2117 609 2166 conditio
633 2117 803 2182 posita
808 2127 899 2165 est.

288 2188 355 2231 30·
394 2184 650 2248 Sponsalia
693 2193 947 2232 contracta
991 2184 1082 2232 sub
1132 2182 1412 2233 conditione
1454 2179 1643 2259 impos-

219 2250 358 2308 sibili,
395 2261 505 2300 sunt
530 2251 755 2309 invalida,
794 2268 903 2298 eum
926 2268 986 2300 ex
1010 2253 1131 2300 Jure
1155 2251 1278 2299 nulli
1302 2267 1361 2298 ac
1385 2250 1506 2298 irriti
1542 2250 1640 2296 sint

220 2329 502 2367 contractus
538 2335 715 2367 omnes
747 2320 837 2367 sub
875 2318 1156 2367 conditione
1191 2317 1474 2382 impossibili
1516 2313 1644 2374 initi,

218 2396 396 2448 praeter
421 2386 776 2434 matrimonium
803 2396 853 2433 et
875 2396 1240 2442 testamentum,
1276 2395 1477 2449 propter
1509 2382 1647 2432 favo-

219 2467 320 2501 rem
358 2454 450 2500 illis
474 2453 808 2501 conti-antibus
831 2469 860 2501 a
883 2454 1004 2502 Jure
1029 2469 1335 2501 concessum.

291 2523 372 2566 40·
399 2521 663 2584 ‘Sponsalia
709 2521 843 2568 facta
889 2520 982 2567 sub
1025 2519 1308 2568 conditione
1359 2518 1422 2566 de
1457 2517 1643 2575 futuro,

222 2585 350 2650 turpi
377 2597 426 2633 et
450 2587 730 2639 substantiae
749 2587 1041 2635 matrimonii
1067 2586 1387 2643 contraria‚v.
1411 2602 1458 2649 g.
1477 2586 1646 2636 ducam

223 2659 282 2708 te,
320 2653 363 2700 .ςὶ
381 2653 528 2717 prolis
545 2657 891 2719 generationem
916 2654 1149 2713 vitaverit,
1186 2663 1299 2703 sunt
1323 2652 1549 2711 invalida,
1577 2669 1642 2700 ex

225 2734 465 2773 consensu
511 2721 724 2777 omnium
764 2720 1148 2784 Theologorum.
1220 2720 1368 2768 Ratio
1415 2732 1490 2768 est
1532 2720 1645 2781 quia

222 2784 408 2833 irritum
438 2797 511 2834 est
535 2788 690 2850 ipsum
727 2788 1085 2836 matrimonium
1111 2789 1202 2838 sub
1239 2788 1324 2838 tali
1363 2787 1647 2837 conditione

228 2863 554 2916 contractum,
591 2855 659 2904 uti
683 2854 809 2904 infra
829 2855 1067 2906 dicemus·

1566 2921 1645 2968 50·
