1846 3250
270 166 378 218 ‘268
664 169 687 203 ·'
784 160 1216 214 TR-A-CTATUS
1279 172 1283 196 ;

269 303 337 352 ad
363 296 606 349 bannaia
636 295 826 346 duabus
859 298 1113 346 Parachiis
1153 298 1537 364 proclamanda·
1572 302 1699 350 suffi-

268 370 342 419 cit
377 382 513 415 vero
524 364 567 412 si
604 365 763 412 banna
816 365 865 413 in
924 366 1170 415 domicilio
1233 365 1350 416 facti
1408 369 1698 431 proclamari

268 444 466 491 curent,
504 442 555 489 et
578 442 851 496 parentum,
890 444 944 481 ut
969 434 1285 483 contrahatur
1310 435 1721 495 rna-trimonium‚'

268 516 563 576 consensum
589 499 859 550 obtineant.
918 536 919 541 ,

319 569 538 626 Quaeres
555 567 643 615 393
672 582 790 632 quo
801 568 875 615 in
899 568 1011 617 loco
1062 569 1224 617 banna
1253 559 1576 664 Famulorum
1613 569 1698 621 de-

268 636 483 687 nuntiari
508 644 760 700 oporteat.
751 635 773 667 ⁹

267 739 272 747 ‚
335 705 417 755 R
424 705 490 752 in
528 703 768 752 Paroehia
803 703 1077 757 Hei-orum,
1111 702 1314 751 servatis
1359 661 1567 753 aliunde
1595 705 1698 754 Ie-

268 771 416 838 gibus
451 770 598 843 niodo
634 771 912 847 expositis3
910 771 1025 819 sive
1064 773 1268 834 majores
1304 771 1418 826 sint,
1464 771 1565 819 sive
1598 772 1698 822 mi·

268 856 434 892 normes
488 840 766 893 Caeterum,
803 838 893 908 nisi
918 837 1132 886 aliunde
1139 839 1242 886 noti
1273 839 1384 895 sint,
1421 839 1592 887 sedulo
1628 839 1700 886 in-

265 877 564 973 quirendum
586 917 663 954 est
687 916 788 953 tum
811 903 865 952 in
892 906 1011 953 loco
1055 905 1187 953 unde
1227 905 1464 970 originem
1491 906 1698 964 ducunt,

269 987 375 1024 tum
402 975 449 1021 in
468 973 771 1037 praecedent'i
810 972 1073 1029 domicilio,
1109 989 1171 1021 an
1212 990 1240 1021 a
1275 990 1587 1037 quocumque
1610 990 1699 1023 seu

267 1041 567 1109 sponsalium
587 1056 681 1089 seu‘
704 1040 995 1088 matiimonii
1020 1041 1215 1088 vinculo
1239 1039 1377 1088 liberi
1403 1041 1513 1089 sint.
1580 1046 1584 1048 ⁴

327 1110 541 1187 Quaeres
565 1112 645 1156 40·
679 1125 778 1174 quo
803 1108 854 1155 in
891 1109 1002 1156 loco
1043 1107 1259 1156 Militum
1297 1109 1457 1156 banna
1481 1109 1694 1173 promul

266 1176 372 1241 gari
397 1174 663 1240 oporteat?

337 1245 400 1294 R.
437 1242 771 1291 denuntianda
807 1258 915 1290 esse
970 1241 1019 1288 in
1074 1240 1316 1290 Praesidiis
1368 1251 1451 1289 aut
1493 1241 1542 1288 in
1578 1243 1699 1292 locis

264 1310 376 1359 ubi
375 1311 450 1358 ab
511 1325 641 1358 anno
687 1305 906 1378 degunt,
941 1310 1020 1370 vel
1074 1324 1201 1357 anno
1253 1308 1476 1372 proxime
1534 1310 1699 1381 elapse

267 1375 557 1436 commorati
591 1373 720 1425 sunt.
792 1377 1010 1424 Aliunde
1044 1376 1146 1425 sive
1187 1376 1415 1433 minores,
1463 1376 1564 1425 sive
1599 1393 1699 1425 ma-

258 1450 394 1507 Jores
429 1444 542 1502 sint,
581 1444 756 1512 Leges
779 1444 926 1492 modo
984 1454 1292 1500 memoratas,
1353 1439 1586 1507 quantum
1635 1444 1698 1492 ad

265 1523 506 1577 parentes
554 1522 640 1559 aut
688 1507 895 1568 tutores,
950 1510 1026 1558 vel
1086 1510 1316 1559 domicilii
1378 1510 1697 1575 dispensatio-

264 1596 396 1635 nem,
431 1579 495 1626 si
509 1578 753 1627 sufficiens
789 1595 885 1626 non
923 1578 1283 1640 acquisiverint,
1331 1579 1589 1628 observare
1625 1587 1696 1627 te-

263 1657 459 1696 nentur.
1707 1647 1711 1651 ’

271 1736 275 1758 ;
338 1714 586 1763 Caeterum
630 1710 734 1760 hic
785 1711 1148 1761 observabimus
1206 1728 1266 1760 an
1310 1715 1454 1770 1683
1491 1712 1694 1761 vetitum

264 1781 425 1829 fuisse
444 1779 647 1828 Ludov.
683 1779 827 1827 XIV.
881 1778 1070 1827 Edicto
1115 1794 1178 1826 ne
1214 1779 1523 1828 exercituum
1575 1779 1696 1827 Offi-

266 1847 430 1903 ὀἰ3ῐ-ἰί
443 1858 509 1895 ut
543 1845 696 1903 aiunt,
733 1847 837 1893 sine
857 1846 1161 1924 Inspectoris
1210 1847 1452 1910 generalis
1498 1846 1698 1895 licentia

263 1908 450 1993 scripto
474 1911 710 1962 mandata
728 1914 1034 1961 matrimonio
1067 1918 1440 1978 conjungantur.
1510 1916 1693 1968 Quam-

263 1983 336 2031 vis
373 1984 421 2029 in
458 1979 552 2030 hac
587 1993 748 2045 parte
762 1981 881 2028 nihil
917 1996 947 2029 3
982 1981 1157 2029 codice
1193 1982 1404 2039 militari,
1457 1985 1692 2047 quantum

263 2051 328 2104 ad
364 2049 553 2098 Milites
587 2058 826 2097 statutum
861 2047 938 2104 sit,
976 2048 1191 2111 graviter
1224 2059 1395 2097 tamen
1428 2049 1697 2116 reprehen-

260 2117 402 2168 sione
438 2117 614 2180 dignus
649 2116 778 2167 foret
821 2116 1071 2164 Parochus
1113 2115 1196 2179 qui
1239 2132 1323 2165 eos
1348 2118 1532 2180 absque
1548 2114 1696 2166 Duc-

264 2184 382 2233 toris
407 2180 719 2260 (Capitaine)
758 2177 957 2230 licentia
998 2184 1304 2231 matrimonio
1353 2190 1694 2247 conjungeret,

261 2260 412 2316 prout
456 2266 490 2297 3
524 2250 774 2313 legionum
817 2248 1047 2297 Tribunis
1103 2251 1418 2325 (Colonels),
1465 2252 1693 2299 didicisse

264 2329 474 2368 testatur
511 2316 731 2366 Collator
766 2316 1154 2380 Andegavensis.
1241 2317 1476 2365 Valerent
1525 2328 1695 2365 tamen

263 2388 390 2436 haec
402 2384 729 2441 matrimonia,
787 2383 890 2433 sive
949 2384 1125 2448 quoad
1166 2383 1553 2467 Sacramentum,-
1591 2384 1692 2433 sive

267 2454 430 2527 quoad
455 2452 660 2503 effectus
686 2452 868 2502 civiles.
1580 2448 1581 2452 ’

338 2523 531 2583 Quaeres
557 2523 636 2568 50·
671 2535 768 2582 quo
797 2520 853 2567 in
887 2519 999 2567 Ioco
1035 2517 1309 2567 denuntiari
1342 2527 1586 2583 oporteat
1594 2519 1695 2570 Va·

258 2591 437 2654 gotum
459 2598 514 2636 et
539 2585 943 2650 Alienigenarum
970 2587 1161 2634 banna.
1148 2586 1171 2614 ⁹

278 2694 283 2701 ,
330 2657 396 2703 R.
433 2656 593 2702 banna
627 2670 794 2706 eorum
833 2670 940 2702 esee
998 2651 1332 2701 denuntianda
1387 2668 1486 2701 non
1532 2654 1689 2703 solum

261 2741 311 2771 m
347 2722 474 2782 loco
497 2719 578 2768 ubi
621 2736 759 2773 nunc
815 2721 1021 2785 degunt,
1082 2720 1172 2768 sed
1229 2721 1428 2784 insuper
1486 2721 1536 2768 in
1576 2723 1688 2771 loco

263 2788 593 2853 originis,·vel
629 2789 800 2848 saltem
838 2788 919 2835 ubi
971 2787 1150 2841 diutius
1203 2788 1491 2836 commorati
1537 2799 1650 2838 sunt
1675 2809 1692 2851 3x

263 2871 471 2919 eumque
491 2854 764 2918 *contingat
786 2863 937 2919 saepe
958 2865 1013 2902 ut
1054 2854 1293 2916 ejiismodi
1318 2855 1694 2920 hominesfprif-

265 2927 551 2983 affluxere
589 2921 776 2983 relicta,
843 2922 1007 2985 aliam·
1032 2922 1110 2971 vel
1152 2923 1301 2978 etiam
1341 2924 1525 2988 ‘plures
1558 2923 1688 2970 alias

1516 2988 1699 3037 ducant
