1846 3250
263 180 356 226 138
763 156 1189 227 TRAcT'ATUs

261 314 482 362 eamdem
528 329 629 361 rem
672 311 733 360 ad
781 308 996 370 eosdem,
1045 308 1273 361 videlicet
1323 311 1664 360 Pistoriensem

264 382 554 445 Episcopam
578 392 626 428 et
644 380 900 429 Rusticum
926 381 1077 429 Vallis
1098 382 1398 439 Uumbrosae,
1426 391 1475 428 ut
1497 381 1666 428 *videre

264 461 338 498 est
375 461 492 497 tom,
535 452 613 498 10.
653 449 808 497 Labb.
849 466 897 513 p.
922 451 1038 497 44⁶2.
1077 454 1140 498 3⁰·
1170 449 1412 498 Credibile
1454 465 1549 495 non
1592 459 1665 495 est

261 518 431 567 Urban
457 517 528 564 ΙΙ.
563 517 819 566 recessisse
854 533 883 564 a
923 517 1176 581 disciplina
1211 533 1298 564 suo
1337 527 1554 580 tempore
1593 533 1666 563 re-

261 597 422 650 cepta,
458 601 485 632 a
527 586 674 633 Petro
712 584 953 633 Damiano
990 585 1282 648 nuperrime
1307 596 1505 640 asserta,
1542 596 1592 632 et
1640 599 1668 630 a

265 654 422 702 Clem.
449 653 517 700 II.
552 654 721 701 Leone
749 653 841 701 IX.
867 653 1072 701 Nicolao
1097 653 1164 700 ΙΙ.
1190 652 1331 700 variis
1354 653 1402 698 in
1439 650 1667 700 Decretis

263 722 471 769 admissa
519 725 581 768 4⁰·
620 721 722 768 Nisi
747 721 830 768 illa
860 721 1078 784 Epistola
1103 721 1304 770 Urbano
1345 719 1667 781 abjudicetur,

261 802 345 837 aut
369 791 536 838 saltem
563 788 652 836 nisi
677 799 950 853 exponatur
982 789 1042 836 de
1070 789 1386 837 Ordinatione
1410 786 1671 851 improprie

263 858 412 913 dicta,
453 873 550 904 non
587 867 749 921 potest
775 855 1005 905 Pontifex
1044 857 1124 905 ille
1151 873 1258 904 cum
1293 873 1344 905 se
1379 856 1484 920 ipso
1509 854 1671 902 conci·-

261 926 384 983 liari,
442 924 679 989 siquidem
727 924 774 971 in
824 926 995 974 Concil
1040 929 1086 974 3.
1131 926 1351 972 Romano
1400 941 1476 972 an.
1528 923 1672 970 1099.

263 1010 494 1058 expresse
518 993 715 1056 agnovit
749 993 930 1040 validas
965 995 1070 1041 esse
1097 992 1437 1040 Ordinationes
1462 1008 1490 1039 a
1517 991 1671 1039 Simo-

260 1062 413 1110 niacis
447 1062 619 1118 factas,
657 1061 826 1125 sicque
852 1061 1095 1109 ordinatos
1133 1077 1238 1108 esse
1277 1076 1364 1123 pro
1403 1057 1671 1106 misericor·

263 1130 343 1178 dia
366 1130 692 1185 sustinendos,
727 1130 765 1177 si
791 1129 1083 1178 nesciverint
1107 1128 1375 1192 Episcopos
1395 1126 1672 1175 ordinantes

259 1198 410 1246 fuisse
438 1199 754 1247 Simoniacos.

337 1267 438 1331 Obj.
477 1269 543 1314 8⁰·
596 1266 916 1315 Hildebertus
965 1264 1360 1313 Coenomanensis
1402 1261 1704 1327 Episcopus*

263 1334 418 1398 Epist.
460 1337 536 1383 14.
589 1333 909 1382 Bibliothecae
965 1333 1166 1381 Patrum
1214 1343 1329 1380 tom.
1375 1334 1420 1378 3.
1467 1347 1515 1394 p.
1565 1333 1677 1376 180.

263 1403 540 1451 Diaconum
565 1401 827 1451 simoniace
852 1400 1123 1449 ordinatum
1158 1410 1206 1449 et
1230 1410 1400 1464 postea
1434 1398 1495 1446 ad
1530 1396 1675 1462 praes-

263 1472 540 1536 byteratum
603 1481 877 1535 promotum
924 1468 991 1517 ait
1031 1486 1060 1517 α
1106 1469 1351 1517 diaconatu
1397 1482 1675 1515 summoven-

263 1541 371 1586 dum
395 1556 505 1598 esse,
542 1538 715 1587 nullam
733 1546 914 1603 partem
949 1537 1189 1585 concedere
1223 1537 1265 1584 ei
1287 1535 1482 1583 Petrum
1505 1534 1554 1582 in
1583 1534 1669 1581 Or-

262 1606 372 1655 dine
394 1625 558 1671 quem,
612 1607 722 1653 dum
762 1605 886 1662 emit,
908 1610 1023 1652 'non‘
1054 1605 1245 1669 accepit,
1286 1621 1386 1651 eum
1423 1618 1598 1667 quoque
1642 1617 1673 1647 a

264 1676 520 1723 sacerdotio
566 1673 830 1722 canonicam
876 1672 1196 1719 auctoritatem
1237 1671 1526 1734 suspendere,
1585 1686 1672 1733 quac

261 1742 333 1791 vel
372 1743 570 1790 nondum-
594 1739 667 1790 vel
687 1739 974 1803 malefactus
994 1739 1235 1787 Diacomcs
1259 1736 1508 1786 evolavit„
1512 1769 1671 1786 ......

263 1828 345 1859 nec
367 1827 467 1858 eum
484 1826 618 1874 posse
641 1808 907 1856 ministrare
941 1807 990 1855 in
1024 1805 1280 1862 sacerdotio
1301 1805 1426 1870 quod
1443 1802 1564 1851 male
1598 1819 1672 1849 ac-

262 1880 395 1944 cepit,
432 1878 504 1926 vel
523 1879 574 1926 in
596 1876 845 1925 diaconatu
869 1891 996 1939 quem
1000 1874 1218 1939 firtasse
1244 1890 1331 1920 non
1349 1871 1538 1935 accepit.

333 1948 397 1995 R.
428 1949 491 1992 1⁰·
519 1944 864 1992 Hildebertum
884 1943 1010 1990 forte
1034 1941 1102 1988 sic
1119 1941 1340 1989 statuisse
1365 1939 1426 1986 ad
1443 1942 1671 1999 majorem
1712 1968 1719 1977 .

266 2014 560 2078 cautionem,
598 2023 646 2061 et
672 2011 803 2075 quod
828 2009 992 2058 tutiori
1015 2009 1138 2072 parti
1161 2008 1289 2056 foret
1312 2005 1673 2056 adhaerendum.

266 2085 331 2129 2⁰·
373 2082 478 2129 Etsi
521 2080 882 2128 consideremus
929 2076 1273 2126 Hildebertum
1320 2090 1487 2124 revera
1524 2073 1676 2120 fuisse

262 2151 313 2196 in
352 2148 592 2203 sententia
622 2161 991 2210 perpaucorum,
1030 2144 1110 2207 qui
1136 2156 1254 2192 tunc
1279 2159 1342 2191 ex
1378 2141 1519 2190 dictis
1544 2141 1676 2187 inva-

263 2218 385 2265 lidas
434 2232 539 2264 esse
578 2214 958 2264 Simoniacorum
1009 2211 1351 2259 Ordinationes
1391 2209 1672 2263 censebant,

263 2301 361 2332 non
387 2285 528 2332 video
563 2283 676 2330 inde
702 2280 964 2346 quidquam
1008 2290 1178 2326 contra
1207 2279 1457 2325 veritatem
1483 2291 1512 2322 a
1534 2274 1672 2321 nobis

264 2363 512 2407 assertam,
564 2366 695 2398 nunc
752 2348 1025 2410 eliquatam,
1069 2346 1329 2392 innumeris
1387 2341 1675 2391 testimoniis

267 2419 622 2483 universalique
663 2417 900 2466 Ecclesiae
943 2415 1085 2479 praxi
1141 2412 1470 2464 confirmatam
1527 2425 1670 2473 posse

267 2488 511 2536 concludi.

266 2622 519 2671 Solvuntur
546 2622 828 2686 objectiones
845 2637 900 2668 ex
934 2615 1312 2694 Ordinationz'bus
1347 2597 1667 2676 Ionproboruin

897 2693 1030 2752 petzt.

335 2824 434 2887 Obj.
480 2827 555 2870 1⁰·
601 2821 711 2870 Lib.
758 2824 801 2868 1.
837 2837 880 2869 c.
912 2822 959 2867 2.
1021 2817 1228 2868 Constit.
1268 2820 1423 2881 Apos.
1461 2814 1673 2878 legitur:

265 2892 430 2957 Neque
467 2888 720 2956 Episcopus
755 2887 1021 2953 ignorantia
1060 2893 1142 2934 aut
1181 2884 1297 2935 molo
1332 2886 1484 2933 animo
1518 2880 1670 2946 opple-

263 2971 353 3018 tus,
389 2976 523 3008 verus
559 2966 624 3007 est
664 2958 745 3006 sed
763 2954 926 3020 falsus
961 2954 1247 3018 Episcopum
1301 2956 1365 3001 20·
1405 2952 1454 3000 S.
1480 2946 1668 3021 Diony-

472 3046 477 3055 1
1567 3029 1666 3060 sius
