1846 3250
232 181 334 229 416
691 167 717 204 ⁷
744 162 1165 226 TRACTATUS'

239 316 424 363 tionem
468 307 731 374 assignant,
755 322 859 374 vpro
897 310 1055 360 fornia
1078 327 1194 360 vero
1236 317 1455 360 mutuam
1481 320 1672 361 contra-

239 378 460 430 hentium
494 376 886 445 acceptationem
925 379 1081 441 signis
1116 377 1441 428 exterioribus
1477 395 1679 443 expres*

241 464 362 497 sam.
437 446 563 496 Cum
590 449 867 509 supponant
903 446 1053 501 variae*
1081 446 1333 511 opiniones
1368 447 1470 494 istae
1505 447 1675 499 Sacra÷

244 513 397 563 menti
445 511 748 573 Matrimonii
792 512 1050 571 ¹Ministros
1101 530 1207 569 esse
1255 519 1505 578 conjuges,
1558 530 1674 562 con-

241 583 415 631 futatae
441 588 639 641 manent
677 596 740 627 ex
767 582 929 643 capite
967 581 1285 644 praecedenti,
1312 581 1403 646 ‚ubi
1437 581 1674 631 Sacerdo-

249 660 368 706 tem,
404 665 502 696 non
547 653 798 711 conjuges,
836 656 942 704 esse
988 648 1115 696 illius
1165 648 1468 697 Sacram'enti
1508 647 1681 696 Minis-

248 728 376 765 trum
413 715 730 764 ostendimus.
806 715 1050 763 Addimus
1073 726 1148 764 tot
1172 713 1425 763 diversas
1409 732 1458 762 m
1481 732 1534 763 re
1571 730 1680 779 gra·

249 784 443 833 vissima
489 783 760 846 opiniones,
809 783 871 840 ad
914 799 1034 846 quas
1078 782 1357 831 Adversaiii
1408 782 1679 850 confugere

251 861 497 915 coguntur
523 860 576 898 ut
622 866 762 897 suum
806 835 868 902 de
896 850 1125 906 Ministro
1155 850 1390 917 placitum
1432 859 1682 906 tueantur,

248 936 346 968 non
372 919 481 967 leve
506 933 613 966 esse
637 916 872 965 indicium
897 917 1023 966 hanc
1061 933 1228 966 eorum
1258 916 1549 968 sententiam
1575 932 1682 966 esse

248 986 421 1036 falsam
447 1001 505 1033 ac
531 984 863 1047 rejiciendam

320 1053 418 1109 Qui
459 1068 594 1113 vero
618 1052 920 1112 Sacramenti
942 1052 1248 1114 Matrimonii
1274 1052 1559 1107 Ministrum
1594 1051 1680 1101 Sa-

251 1106 505 1170 cerdotem
545 1135 652 1167 esse
692 1119 878 1176 volunt,
917 1114 1241 1168 communiter
1280 1116 1531 1173 materiam
1556 1119 1684 1180 illius

250 1191 300 1236 in
325 1196 599 1246 contractu
640 1185 769 1234 civili
815 1202 903 1234 seu
943 1188 992 1234 in
1029 1187 1248 1253 legitimo
1290 1185 1682 1236 contrahentium

253 1270 496 1311 consensu
541 1255 803 1318 iep0nunt,
839 1238 1043 1310 formam
1092 1270 1208 1302 vero
1249 1255 1298 1301 in
1339 1253 1686 1306 benedictione

256 1321 556 1372 Sacerdotis.
624 1322 707 1371 Ab
747 1337 807 1377 ea
841 1330 1007 1371 tamen
1046 1321 1274 1386 opinione
1313 1320 1510 1378 devians
1547 1319 1687 1375 Leri-

255 1392 411 1438 danus
430 1390 535 1437 vult
558 1376 808 1437 materiam
836 1405 942 1438 esse
977 1390 1148 1437 manus
1182 1386 1557 1454 impositionem,
1591 1387 1690 1436 for-

254 1474 383 1506 mam
409 1472 524 1505 vero
553 1456 834 1514 Sacerdotis
868 1457 1282 1506 benedictionem.

692 1578 695 1581 ’
722 1574 1151 1640 ΡΒΟΡΟΞΙἿἹΟ
1185 1575 1230 1639 '14

270 1724 479 1776 Materia
523 1725 817 1775 Sacramenti
856 1725 1162 1774 Matrimonii
1206 1724 1281 1773 in
1276 1723 1541 1773 contractu
1571 1740 1693 1787 par-

329 1795 449 1843 tium
498 1792 722 1858 legitimo,
774 1808 855 1841 seu
901 1792 950 1838 in
1005 1800 1165 1844 mutuo
1206 1792 1417 1857 partium
1475 1808 1694 1841 consensu

257 1874 259 1876 ’
323 1861 477 1924 posita
513 1868 597 1918 est,
1050 1880 1052 1883 ’

332 1995 481 2045 Proh.
522 1994 594 2043 1⁰·
634 1992 762 2042 Illud
789 2009 878 2059 pro
896 1993 1099 2043 materia
1130 1992 1345 2056 >aiicujus
1390 1992 1691 2042 sacramenti

267 2074 343 2113 est
388 2062 688 2118 habendum,
724 2061 875 2125 quod,
910 2061 1068 2110 forma
1110 2062 1394 2118 accedente,
1432 2060 1488 2111 fit
1523 2061 1696 2109 Sacra-

264 2140 507 2180 mentum.
574 2129 656 2178 Sic
712 2145 840 2193 aqua
898 2140 973 2178 est
1033 2129 1266 2194 Baptismi
1291 2128 1518 2185 materia,
1566 2126 1696 2192 quia,

268 2197 620 2246 accedentibus
644 2197 747 2244 istis
770 2197 946 2255 verbis,
988 2213 1069 2264 ego
1093 2206 1138 2245 te
1163 2197 1361 2265 baptizo,
1394 2195 1694 2259 spiritualem

268 2265 499 2314 effectum
525 2254 771 2328 producit.
843 2264 994 2326 Atqui
1023 2275 1305 2311 contractus
1342 2262 1549 2326 partium
1575 2261 1697 2325 legi-

270 2333 416 2381 timus
440 2347 527 2379 seu
553 2342 748 2378 mutuus
772 2330 981 2394 partium
1008 2346 1289 2385 consensus,
1316 2329 1587 2383 accedente
1610 2329 1696 2377 Sa-

278 2399 492 2449 cerdotis
517 2396 878 2455 benedictione,
916 2397 971 2445 fit
997 2395 1383 2453 Sacramentum,
1411 2394 1703 2444 determina-

277 2466 358 2515 tur
384 2476 433 2515 et
458 2466 681 2514 evehitur
704 2466 763 2513 ad
793 2465 1094 2520 Sacramenti
1121 2463 1426 2527 dignitatem,
1451 2462 1705 2511 effectum-

270 2552 366 2598 que
408 2533 708 2598 spiritualem
745 2534 921 2582 exerit.
998 2531 1080 2581 Sic
1104 2533 1152 2578 in
1176 2532 1508 2579 'Sacramento
1534 2530 1696 2578 Poeni-

274 2601 442 2649 tentiae
474 2601 678 2650 materia
701 2611 814 2648 sunt
848 2611 988 2648 actus
1015 2599 1321 2655 Poenitentis,
1358 2598 1436 2660 qui
1472 2598 1701 2646 videlicet

271 2668 595 2715 informantur
613 2684 701 2731 per
725 2667 1079 2716 absolutionem
1110 2665 1405 2714 Sacerdotis.
1465 2665 1541 2713 Ita
1557 2664 1702 2713 ratio-

271 2735 463 2783 cinatur
490 2735 539 2782 S.
564 2733 778 2783 Thomas
803 2735 914 2782 in4.
929 2734 1039 2784 dist
1063 2736 1144 2783 ⁶26.
1168 2749 1335 2797 parag.
1365 2735 1440 2780 12·

347 2801 494 2851 Proh.
538 2803 618 2848 20·
673 2802 978 2850 Sacramenti
1024 2800 1325 2849 Matrimonii
1373 2797 1608 2866 materia
1626 2800 1703 2846 vel

274 2879 349 2918 est
374 2879 655 2917 contractus
686 2869 895 2932 partium
930 2868 1192 2932 legitimus,
1230 2868 1306 2915 vel
1342 2864 1512 2915 manus
1549 2865 1700 2934 impo-

275 2936 386 2984 sitio
423 2953 452 2985 a
505 2936 774 2986 Sacerdote
809 2936 957 2996 facta,
995 2946 1046 2985 ut
1089 2936 1191 2983 vult
1229 2935 1530 2983 LeridanuS.
1566 2932 1700 2997 atqui

272 3026 274 3029 ·
1456 3011 1700 3065 postrema
