1846 3250
0 0 272 12 W—-rv-v--vv
281 0 292 3 «ν
309 0 315 2 >
327 0 340 3 v

201 131 302 181 238
642 90 646 94 ⁸
711 129 1143 181 TRACTATUS

197 274 303 312 rata
341 277 484 314 erunt
523 261 759 325 ejusmodi
801 264 1058 327 sponsalia.
1129 264 1500 330 Excipiendum·
1544 279 1615 318 ta·

195 347 325 390 men,
362 333 400 379 si
427 331 536 394 quis
571 330 766 394 ignorat
788 347 841 379 se
865 330 937 379 ad'
968 332 1277 393 pubertatem
1313 336 1612 397 pervenisse,

194 400 271 447 vel
296 399 387 446 sibi
413 408 697 461 competere
726 402 808 460 jus
843 398 1104 457 resiliendi,
1142 399 1255 463 quia
1296 410 1489 465 tempus
1516 419 1613 451 non

195 465 406 514 occurrit
430 465 689 528 ignoranti.
750 466 991 514 Caeterum
1007 482 1104 513 non
1129 468 1287 515 verbis
1312 478 1499 517 tantum
1525 471 1613 518 sed

193 531 337 580 factis
362 532 605 597 sponsalia
630 542 831 594 possunt
856 533 1130 596 approbari,
1170 543 1223 581 ut
1253 535 1292 581 si
1319 536 1425 599 quis
1450 537 1614 600 sponsi

193 616 372 647 nomen
397 616 570 662 gerere
597 599 773 664 pergit,
811 615 1013 648 munera
1036 600 1185 649 mittit
1209 601 1271 649 ad
1296 617 1426 661 eum,
1451 605 1529 653 vel
1549 606 1609 653 ab

194 683 254 716 eo
278 667 471 732 recipit.

261 734 363 783 Hic
411 734 509 783 duo
555 732 769 782 notanda
814 744 927 782 sunt
956 737 1017 781 10·
1070 734 1122 782 S1
1145 734 1424 799 lmpuberes
1470 753 1615 801 spon-

192 801 311 850 salia
335 801 685 859 contraxerint,
730 802 813 864 qui
835 802 990 864 primo
1015 802 1170 865 pubes
1209 802 1371 851 factus
1393 814 1485 861 est,
1523 821 1611 868 po-

190 879 289 918 test
329 869 491 918 statim
529 877 641 931 post
687 870 994 932 pubertatem
1037 868 1243 927 resilire,'
1274 885 1369 919 nec
1416 880 1612 920 tenetur

191 947 460 1000 expectare
485 937 644 984 donec
669 936 792 983 alter
810 937 1065 1001 pubescat.
1135 939 1202 983 20·
1243 937 1294 985 Si
1318 939 1473 1001 pubes
1498 954 1611 988 eum

192 1004 445 1068 impubere
472 1003 790 1066 desponsatus
830 1003 994 1059 fuerit,
1032 1003 1184 1066 pubes
1210 1005 1396 1053 resilire
1420 1007 1609 1070 nequit,

191 1071 319 1120 bene
354 1087 471 1119 vero
517 1068 771 1135 impubes,
794 1071 880 1119 sed
916 1080 1107 1119 tanturn
1146 1087 1260 1119 curn
1296 1073 1607 1135 pubertatem

190 1137 424 1200 attigeiit.

257 1204 325 1251 R.
364 1209 427 1252 3⁰·
463 1220 674 1261 socrum,
709 1203 911 1251 fratrem
952 1205 1027 1254 vel
1074 1214 1284 1252 tutorem
1324 1221 1423 1254 non
1463 1221 1608 1270 posse

186 1286 274 1334 pro
316 1271 555 1347 privigno,
593 1287 759 1318 sorore
802 1271 877 1317 vel
910 1272 1105 1348 pupillo
1139 1272 1382 1333 sponsalia
1418 1283 1609 1322 contra-

188 1339 323 1396 here,
364 1338 477 1401 quia
515 1338 724 1385 facultas
766 1338 872 1390 haec
908 1339 963 1385 iis
998 1355 1025 1385 a
1066 1339 1187 1386 Jure
1212 1353 1308 1384 non
1343 1340 1608 1397 confertur,

187 1421 281 1453 nec
324 1405 529 1469 proinde
571 1404 664 1451 illis
696 1403 914 1451 concedi
957 1404 1120 1464 debet,
1159 1421 1271 1452 cum
1320 1407 1489 1456 odiosa
1527 1408 1606 1465 sit,

185 1472 591 1536 impuberumque
615 1472 891 1519 libertatem
916 1472 1079 1521 laedat.

260 1541 415 1595 Qucer.
442 1542 511 1585 20
537 1556 597 1586 an
621 1538 930 1594 filiifamilias,
957 1539 1116 1587 invitis
1138 1550 1222 1588 aut
1246 1539 1409 1589 insciis
1433 1556 1605 1605 paren

189 1607 320 1655 tibus
338 1617 421 1654 aut
445 1607 705 1663 tutoribus,
732 1607 974 1668 sponsalia
999 1608 1288 1656 contrahere
1313 1607 1538 1671 possint?

257 1674 324 1721 R.
369 1677 429 1721 10·
478 1689 570 1720 nec
618 1673 739 1720 Jure
799 1673 1061 1728 communi,
1098 1689 1192 1721 nec
1250 1675 1350 1722 ulla
1406 1674 1606 1738 speciali

187 1741 328 1804 Lege
374 1741 421 1787 in
450 1741 625 1788 Galliae
665 1755 818 1801 regno
855 1739 988 1786 irrita
1024 1755 1130 1788 esse
1183 1740 1417 1801 ejusmodi
1460 1737 1637 1805 spon-¹

188 1810 323 1856 salia.
394 1808 490 1860 Qui
541 1818 703 1854 tamen
736 1805 1017 1858 existimant
1055 1806 1470 1866 filiorumfamilias
1507 1824 1606 1856 rna-

187 1874 413 1923 trimonia
444 1874 547 1921 sine
575 1888 814 1920 consensu
840 1883 1093 1921 contracta
1117 1874 1165 1920 in
1201 1874 1295 1921 hoc
1319 1891 1472 1938 regno
1498 1891 1604 1923 esse

188 1944 339 1999 nulla,
394 1942 567 1989 eodem
618 1940 762 1986 modo
796 1939 858 1987 de
905 1941 1174 1988 sons-‘ilibus
1220 1942 1291 1988 sic
1339 1942 1604 1989 contractis

187 2009 373 2074 opinari
420 2009 663 2065 videntur,
701 2006 815 2070 quia
859 2008 1102 2071 sponsalia
1142 2007 1448 2056 matrimonio
1495 2018 1605 2056 sunt

185 2092 430 2125 connexa.

256 2146 318 2191 R.
364 2145 428 2189 2⁹·
464 2141 674 2204 graviter
713 2140 880 2188 illicita
919 2157 1024 2189 esse
1061 2141 1300 2202 ejusmodi
1345 2141 1602 2206 sponsalia,

184 2220 386 2274 propter
421 2209 622 2256 violatas
643 2218 744 2255 tum
772 2208 1005 2255 Ecclesiae
1035 2209 1213 2271 LegeS‚
1251 2220 1353 2257 tum
1379 2225 1604 2257 reveren-

187 2278 303 2325 tiam
336 2276 617 2340 parentibus
660 2274 890 2321 debitam.
963 2275 1108 2322 Unde
1147 2275 1208 2321 ad
1243 2276 1484 2337 sponsalia
1523 2292 1604 2324 ec-

187 2344 461 2393 clesiastica
500 2340 830 2390 filiosfamilias
869 2356 965 2388 non
1007 2342 1190 2388 debent
1225 2341 1484 2389 admittere
1510 2343 1601 2390 Pa-

188 2411 340 2470 rochi,
379 2410 469 2458 nisi
494 2409 556 2456 de
596 2419 850 2472 parentum
891 2417 1168 2455 tutorumve
1207 2424 1427 2456 consensu
1450 2410 1603 2472 scrip-

189 2480 267 2536 tis,
305 2488 388 2525 aut
432 2493 552 2524 voce
592 2475 859 2523 certissime
895 2484 1128 2524 constet.v
1173 2475 1385 2523 Caetrum
1408 2492 1604 2539 sponsa-

185 2547 312 2594 libus
360 2545 430 2592 sic
484 2543 749 2591 contractis
803 2542 1136 2604 obligarentur
1181 2541 1489 2599 filiifamilias,
1541 2544 1600 2591 si-

187 2624 360 2678 postea
403 2612 738 2659 consenserint
760 2620 1003 2673 parentes,
1039 2624 1182 2657 secus
1212 2625 1328 2657 vero
1354 2611 1393 2657 si
1417 2610 1600 2658 dissen-

186 2680 353 2729 serint.

260 2748 453 2802 Quoeres
489 2747 557 2790 3⁰·
616 2759 676 2790 an
724 2741 1081 2791 matrimonium
1127 2752 1242 2791 ante
1289 2744 1597 2806 pubertatem

188 2821 512 2867 contractum,
551 2811 773 2874 adeoque
815 2810 1016 2859 defectu
1063 2810 1217 2858 aetatis
1259 2811 1465 2870 irritum,
1507 2813 1600 2860 sal-

187 2893 285 2930 tem
310 2880 469 2928 valeat
493 2877 539 2923 in
573 2877 760 2925 ratione
795 2876 1086 2941 sponsallum
1103 2878 1128 2924 Ρ

1225 2945 1286 2993 R.
1309 2945 1596 3008 affirmative.
