1846 3250
644 0 805 16 *ww-'772
816 0 822 2 *⁷
844 1 845 4 =

260 160 370 210 3242-
751 157 1182 220 TRA‘CTATUS
1235 202 1237 205 .
1308 162 1322 169 ’

259 293 364 343 sine
388 292 551 356 aliqua
576 307 724 343 causa
748 291 1053 371 dispensare,
1074 296 1220 358 Juxta
1244 291 1518 342 Concilium
1539 291 1683 340 Trid.

259 369 380 409 sess.
388 366 395 370 ’
423 364 505 406 24.
546 373 589 407 c.
616 364 662 409 5.
707 360 935 414 Quando
966 361 1115 425 igitur
1147 362 1206 409 de
1238 359 1547 409 matrimoniis
1579 373 1687 407 con-

225 458 230 463 ›
261 427 522 483 trahendis,
556 434 666 476 tunc
702 426 773 475 vel
811 427 941 475 nulla
976 430 1111 476 detur
1144 428 1426 490 dispensatio
1448 425 1524 475 ‘cel
1556 442 1686 481 raro,

260 493 401 558 idque
434 511 490 542 ex
523 510 663 542 causa
698 501 742 542 et
794 496 949 559 gratis
1002 496 1292 543 concedatur.
1383 495 1445 541 In
1489 493 1687 541 secundo

258 561 418 625 gradu
449 578 540 608 non
577 562 869 623 dispensetur
904 563 994 610 nisz
1027 562 1152 610 inter
1199 578 1390 626 magnos
1436 559 1698 622 Principes

263 635 308 675 et
332 627 387 677 ob
407 626 633 693 publicam
657 644 858 676 causam.

334 694 401 742 R.
438 694 514 741 2⁰·
550 694 820 757 generatim
868 694 1113 757 duplicem
1165 710 1270 742 esse
1317 692 1552 756 legitimae
1595 691 1691 739 dis-

263 761 564 838 pensationis
636 773 849 817 causam,
931 762 1152 808 nimirum
1223 760 1566 809 necessitatem
1612 760 1689 808 vel

263 828 504 892 insignem
531 828 789 891 quemdem
817 828 1093 876 utilitatem.
1139 829 1331 876 Causae
1357 837 1533 875 autem
1545 840 1691 889 props-

266 904 344 942 ter
370 911 488 958 quas
513 895 638 944 solet
683 895 734 943 S.
774 894 1023 950 Pontifex,
1062 895 1362 958 potissimum
1404 894 1450 940 in
1490 907 1694 940 consan-

269 963 510 1024 guinitate
547 972 597 1009 et
649 961 879 1009 affinitate
930 963 1346 1026 dispensationem>
1399 960 1693 1016 concedere,

266 1028 546 1090 quindecim
570 1030 719 1091 vulgo
744 1040 1076 1085 recensentur,
1118 1029 1347 1076 videlicet
1391 1028 1462 1075 1⁰·
1507 1027 1694 1074 incom-

266 1095 489 1160 petentia
524 1096 669 1150 dotis,
707 1098 786 1142 20·
841 1096 1080 1144 extinctio
1131 1112 1313 1157 magnae
1351 1094 1463 1151 litis,
1501 1094 1575 1141 3⁰·
1610 1108 1701 1140 an·-

267 1162 430 1224 gustia
476 1161 591 1218 loci,
628 1165 709 1210 40·
747 1163 933 1211 sedatio
970 1163 1341 1217 discordiarum,
1383 1163 1457 1209 50·
1495 1159 1691 1223 quando

265 1229 340 1276 vir
366 1229 500 1277 dives
526 1229 634 1276 vult
665 1229 848 1277 ducere
885 1240 1143 1292 cognatam
1172 1229 1246 1275 vel
1273 1228 1478 1283 affinem,
1517 1226 1696 1273 consti·

267 1296 453 1347 tuendo
478 1296 554 1343 vel
580 1296 807 1358 augendo
832 1296 1016 1353 dotem,
1054 1300 1134 1344 60·
1170 1295 1474 1343 conservatio
1505 1292 1694 1341 divitia-

267 1378 376 1410 rum
402 1362 452 1409 in
476 1362 646 1410 eadem
674 1363 982 1426 cognatione,
1021 1364 1103 1414 70·
1137 1362 1334 1410 illustris
1359 1360 1551 1409 familiae
1576 1374 1695 1408 con-

267 1430 478 1493 servatio
502 1429 553 1476 in
579 1430 753 1478 eodem
776 1431 1031 1494 sanguine,
1073 1435 1137 1479 8⁰·
1175 1428 1531 1478 matrimonium
1566 1428 1698 1476 bona

269 1497 369 1545 fide
410 1506 487 1545 *ex
536 1498 658 1560 juris
707 1498 982 1561 ignorantia
1039 1507 1363 1563 contractum,
1413 1500 1481 1547 9⁰·
1516 1495 1698 1561 copula.

272 1567 386 1612 cum
428 1566 792 1628 consanguinea
828 1566 906 1613 vel
946 1566 1087 1614 affine
1111 1582 1289 1614 vesana
1325 1564 1523 1613 libidine
1559 1564 1694 1626 inita,

272 1640 321 1678 et
349 1633 525 1678 non'ut
549 1631 741 1679 facilius
780 1632 1083 1681 obtineretur
1122 1633 1436 1696 dispensatio,
1467 1636 1561 1680 10⁰·
1596 1635 1708 1688 mah-5

272 1696 486 1745 trimonii
534 1699 660 1746 male
703 1698 943 1746 contracti
1000 1699 1312 1756 diuturnitas,
1365 1703 1463 1746 11⁰·
1497 1699 1701 1747 scanda-

269 1764 372 1812 lum
398 1779 547 1827 grave
571 1775 656 1812 aut
680 1775 939 1828 peccatum
965 1766 1355 1829 praecavendum,
1400 1768 1493 1812 12⁰·
1529 1765 1700 1813 mortis

271 1841 357 1878 aut
379 1831 585 1894 periculi
610 1838 713 1893 ejus
751 1832 966 1890 evitatio,
1007 1836 1117 1880 130·
1153 1833 1328 1896 puellae
1366 1832 1541 1879 misera
1583 1848 1709 1879 con--

273 1897 412 1955 ditio,
431 1899 509 1946 vel
536 1915 599 1946 ex
626 1899 875 1961 pudicitiae
911 1899 1136 1963 >periculo
1162 1900 1239 1948 vel
1270 1916 1333 1946 ex
1359 1900 1429 1961 rei
1454 1899 1700 1946 familiaris

271 1965 453 2030 inopia,
490 1966 566 2013 vel
614 1966 732 2029 quia
775 1969 857 2013 24.
894 1976 978 2023 aut
1015 1968 1096 2014 25.
1131 1969 1309 2014 annum
1368 1966 1583 2023 excedit,
1621 1966 1702 2013 ve}

271 2042 477 2095 propter
510 2033 773 2089 infamiam,
812 2034 1005 2083 secluso
1039 2043 1202 2081 tamen
1239 2033 1447 2086 incestu,
1473 2033 1549 2080 vel
1587 2032 1703 2096 quia

273 2099 450 2146 mulier
486 2099 684 2147 defectu
709 2100 798 2147 viri
831 2100 995 2148 litibus
1030 2116 1178 2163 super
1212 2100 1524 2147 successione
1547 2101 1708 2147 bono-.

276 2182 384 2213 rum
421 2166 585 2228 magni
629 2167 862 2219 momenti
919 2168 1147 2215 excitatis
1206 2167 1420 2223 caderet,
1456 2167 1533 2213 vel
1592 2167 1703 2228 quia

270 2231 382 2278 filiis
406 2242 622 2293 gravata,
661 2249 754 2296 ope
772 2249 837 2280 ac
861 2235 1034 2280 solatio
1056 2234 1261 2296 indiget,
1310 2234 1417 2280 140·
1454 2234 1703 2281 excellen-

274 2299 343 2346 tia
378 2299 678 2357 meritorum,
722 2304 834 2347 150·
870 2300 1112 2362 copiosior
1146 2300 1462 2363 pecuniarum
1506 2315 1706 2363 compo-

270 2366 402 2413 sitio.

343 2432 423 2480 Ex
447 2430 542 2480 illis
567 2432 725 2480 causis
749 2432 855 2480 aliae
892 2432 1122 2481 dicuntur
1156 2434 1392 2488 honestae,
1426 2447 1536 2495 quae
1559 2429 1699 2478 nimi-

272 2514 383 2546 rum
418 2499 776 2561 postulantibus
812 2501 997 2548 nullum
1034 2501 1235 2548 inurunt
1289 2500 1560 2563 problumz
1595 2498 1703 2562 alite

272 2564 564 2614 infamantes
610 2583 717 2628 quae
755 2567 1104 2630 turpitudinem
1147 2566 1364 2630 partibus
1400 2559 1703 2629 impetranti

273 2632 366 2683 bus
424 2632 647 2681 afferunt.
740 2634 908 2682 Causae
971 2632 1260 2681 infamantes
1307 2643 1405 2680 tres
1453 2630 1699 2680 recenseri

275 2699 451 2746 solent.
491 2702 567 2744 10.
599 2701 723 2746 Cum
766 2700 962 2763 cognati
1006 2700 1414 2764 dispensationem
1453 2698 1700 2762 postulan-

276 2771 353 2812 tes
378 2766 726 2817 commercium
750 2766 988 2824 illicitum,
1023 2782 1119 2813 non
1161 2777 1324 2814 tamen
1347 2774 1416 2813 ·ut
1451 2766 1701 2828 dispensa-

273 2831 348 2879 rio
373 2831 562 2879 facilius
600 2831 920 2890 obtineretur,
953 2849 1120 2882 secum
1160 2833 1367 2881 invicem
1409 2833 1700 2880 habuerunt.

275 2900 356 2944 20·
395 2898 519 2948 Cum
557 2907 690 2960 tanta
723 2899 814 2953 fuit
850 2900 977 2950 inter
1009 2901 1118 2948 iilos
1153 2899 1476 2959 familiar-item,
1502 2898 1696 2947 'secluso

1531 2976 1694 3013 tamen
