1846 3250
277 158 377 208 446
721 160 723 162 ’
789 147 1223 209 TRACTAT'US
1281 165 1305 203 ’Τ

264 299 414 348 tatur,
450 297 495 339 et
539 291 818 339 Conversum
857 299 1093 354 sequatur,
1131 299 1384 357 antequam
1431 290 1512 342 ille
1560 294 1699 346 ducat

237 358 478 415 ‘tt-vorem,
539 373 640 405 eam
694 357 896 422 recipere
934 358 1241 423 compelletur.
1314 360 1446 422 Ergo
1500 371 1701 425 propter

263 424 370 472 illas
395 438 567 472 causas
594 423 885 472 matrimonii
928 425 1173 474 vinculum
1215 436 1326 488 post
1358 426 1474 474 alias
1501 428 1695 491 nuptias

263 490 519 548 duntaxat,
556 508 654 539 non
690 490 795 554 ipso
827 496 938 553 jure
980 493 1271 548 dissolvitur.
1322 493 1394 543 esi
1434 493 1561 545 enirn
1595 500 1710 557 jam'

256 567 378 607 ’ante
404 590 407 592 -
434 559 630 623 nuptias
688 559 976 617 solveretur,
1038 565 1217 620 conjux
1276 576 1539 614 conversus
1598 579 1698 609 non

248 625 505 689 *potuisset
552 626 780 690 compelli
829 627 890 675 ad
931 643 1040 677 eam
1090 643 1295 677 uxorem
1345 628 1694 690 recipiendam,
1745 665 1749 669 -

264 710 390 755 quae,
450 698 551 756 jam
603 693 839 741 dissoluto
892 694 1101 750 vinculo,
1155 710 1253 745 non
1312 696 1518 759 amplius
1569 712 1694 745 uxor

260 760 448 809 fuisset.
539 762 698 823 Igitur
756 761 936 823 triplex
1005 761 1371 813 circumstantia
1428 773 1696 816 memorata

248 831 448 888 justam·
476 830 663 891 praebet
717 843 911 875 causam
961 828 1258 885 dissolvendi
1305 830 1692 885 matrimonium;

258 895 347 943 sed
373 906 539 944 tame-n
564 912 661 943 non
696 895 838 943 solvit
874 894 963 942 nisi
989 912 1075 959 per
1112 896 1414 959 subsequens
1449 897 1694 949 matrimo-

260 979 414 1011 nium.
1106 1020 1110 1023 ,

330 1030 411 1077 Ex
435 1029 509 1077 his
534 1031 754 1094 sequitur
796 1033 855 1076 10·
894 1036 1151 1093 conjugem
1196 1031 1255 1078 ad
1296 1031 1463 1085 Fidem
1491 1046 1693 1086 conver-

259 1113 383 1154 sum,
422 1096 502 1161 qui
530 1108 730 1160 propter
773 1113 943 1151 causas
984 1108 1274 1151 memoratas
1320 1104 1579 1161 conjugem
1618 1101 1692 1146 ina

257 1165 455 1216 fidelem
482 1164 662 1212 dimisit
687 1174 736 1212 et
761 1164 900 1211 aliam
928 1165 1087 1220 duxit,
1114 1181 1207 1211 nec
1235 1166 1388 1213 teneri
1410 1181 1502 1215 nec
1528 1166 1687 1229 posse,v

257 1232 528 1295 posteriore
555 1231 805 1287 defuncta,
841 1231 1001 1278 redire
1044 1232 1106 1282 ad
1131 1232 1357 1293 priorem,
1406 1233 1495 1281 nisi
1544 1249 1690 1281 novas

255 1315 367 1346 cum
395 1303 454 1347 ἕο
480 1300 673 1363 nuptias
698 1299 1015 1355 contraxerit,
1054 1299 1241 1346 etiamsi
1278 1300 1340 1346 ad
1368 1299 1534 1346 Fidem
1574 1317 1690 1357 con·

255 1376 547 1414 verteretur.
620 1366 765 1413 Ratio
803 1377 876 1413 est
897 1366 1009 1428 quia
1027 1366 1160 1429 prius
1186 1365 1306 1421 illud
1332 1366 1690 1422 matrimonium

253 1435 449 1497 penitus
475 1434 764 1481 dissolutum
798 1433 908 1480 fuit.
1542 1447 1544 1449 ·

325 1502 555 1564 Sequitur
582 1504 661 1547 20·
686 1517 783 1547 non
809 1500 1031 1548 sufficere
1058 1500 1118 1547 ad
1144 1499 1466 1549 dirimendum
1493 1500 1538 1547 in
1567 1517 1685 1566 prae·

249 1567 363 1616 fatis
400 1569 593 1617 casibus
629 1569 988 1616 matrimonium
1028 1568 1328 1619 Sententiam
1372 1568 1562 1626 ..iudicis
1601 1570 1685 1616 de·

253 1636 481 1684 clarentis
530 1636 735 1684 liberum
776 1651 882 1682 esse
911 1636 1065 1688 Fideii
1106 1636 1166 1686 ad
1186 1635 1309 1682 alias
1347 1636 1540 1699 nuptias
1566 1652 1682 1686 con,

234 1704 431 1761 volare,
468 1703 556 1751 sed
581 1701 762 1766 requiri
802 1702 917 1749 novi
960 1702 1248 1753 matrimonii
1285 1703 1681 1759 celebrationem.

252 1771 351 1819 Sed
377 1787 465 1835 per
490 1769 728 1832 ejusmodi
757 1768 1058 1817 Sententiam
1083 1768 1238 1816 voluit
1265 1768 1497 1827 Ecclesia„
1524 1770 1680 1827 solum

229 1854 447 1895 monere
485 1843 744 1900 conjugem
788 1836 1050 1891 infidelem,
1091 1847 1140 1883 et
1183 1836 1225 1882 ei
1270 1846 1461 1899 tempus
1501 1853 1678 1885 conce-

247 1907 367 1955 dere
402 1905 465 1955 ad
504 1903 871 1952 deliberandum
910 1920 970 1952 an
1006 1904 1122 1950 velit
1159 1903 1325 1958 Fidem
1369 1901 1678 1960 ⁴christianam

228 1973 477 2038 ‘amplecti
501 1984 585 2021 aut
610 1972 781 2025 saltem
821 1970 1026 2034 pacifice
1069 1970 1288 2020 habitare
1315 1987 1425 2027 cum
1464 1975 1675 2035 conjuge

250 2057 503 2089 converso·
690 2062 697 2064 *

318 2110 512 2163 Quaeres
535 2110 613 2156 40·
649 2116 809 2156 utrum
846 2122 1052 2157 necesse
1087 2105 1149 2153 sit
1185 2115 1298 2156 ante
1336 2120 1533 2166 monere
1560 2121 1675 2153 con-

235 2182 405 2239 jugem
448 2175 696 2222 infidelem
744 2191 803 2223 an
842 2175 958 2222 velit
1005 2174 1226 2236 pacifice
1257 2172 1492 2230 habitare,
1532 2188 1674 2236 quam

243 2243 396 2307 possit
424 2243 602 2297 Fidelis
643 2242 705 2288 ad
735 2242 829 2288 alia
853 2253 968 2288 vota
992 2240 1193 2288 transire
1215 2240 1239 2286 Px

314 2313 378 2359 R.
418 2327 444 2373 ᾳ
500 2309 709 2365 murti-oe,
746 2308 834 2355 nisi
862 2308 936 2355 vel
965 2309 1026 2354 ob
1052 2308 1272 2360 locorum
1299 2306 1574 2359 distantiam
1601 2308 1677 2366 vel

243 2380 305 2426 ob
349 2378 422 2426 evi
463 2393 546 2425 ens
589 2376 704 2424 vitae‘
738 2386 822 2423 aut
864 2373 1187 2427 subversionis
1238 2373 1508 2435 periculum
1558 2383 1672 2421 ante

242 2446 429 2494 moneri
477 2461 575 2491 non
632 2443 802 2506 possit.
873 2443 951 2491 Ita
998 2443 1208 2503 Gregor.
1238 2441 1382 2500 XLII,
1456 2439 1673 2505 Epistola

247 2530 392 2579 quam
416 2513 585 2561 laudat
605 2511 809 2569 Pontius
835 2509 918 2556 libi
944 2511 990 2559 7.
1018 2525 1060 2562 c,
1088 2512 1167 2559 88.
1428 2535 1430 2540 .

306 2579 539 2635 Quamvis
575 2588 757 2632 autem,
813 2587 867 2625 ut
916 2577 1140 2640 opinatur
1186 2573 1495 2634 Sanchesius‚
1547 2575 1665 2625 Sen-

219 2647 392 2697 ‘ten'tia
415 2646 605 2696 Judicis
631 2662 728 2692 non
755 2644 1029 2708 requiratur
1067 2653 1119 2690 ut
1153 2642 1201 2689 in
1239 2642 1451 2705 praefatis
1478 2642 1668 2696 casibus

213 2714 422 2771 *Fidelis
447 2714 577 2761 aliud
616 2711 973 2760 matrimonium
1017 2710 1164 2766 ineat,
1203 2710 1471 2767 consultius
1509 2719 1671 2761 tamen

241 2792 314 2832 est
340 2798 399 2830 ac
426 2782 678 2844 utriusque
704 2779 846 2827 saluti
884 2778 1034 2827 tutius
1063 2777 1196 2834 nihil,
1233 2777 1507 2831 inconsulto
1538 2776 1672 2841 Epis-

212 2864 370 2917 ·copo
406 2858 490 2897 aut
528 2848 698 2896 saltem
743 2846 978 2910 neophyti
1022 2845 1300 2903 Directore,
1353 2843 1402 2900 in
1449 2859 1503 2891 re
1552 2841 1673 2897 tanti

243 2916 477 2968 momenti
503 2930 669 2979 agere,
695 2913 968 2978 seduloque
995 2911 1267 2968 cavendum
1286 2913 1348 2971 'ne
1365 2924 1674 3022 praeproperg

1610 2991 1638 3025 a
