1852 3250
686 169 784 218 DE
822 167 1118 218 ORDINE.
1581 168 1613 213 5

186 309 288 373 ipsa
335 307 419 366 uti,
470 306 561 355 nisi
592 302 813 355 cansensu
858 305 1199 355 communitatis
1244 311 1327 352 aut
1374 301 1611 351 vocatione

187 376 390 440 majoris·
476 375 665 429 Quibus
706 384 843 437 patet
885 374 1002 421 inde
1042 379 1209 420 natum
1252 387 1360 420 esse
1401 370 1610 417 Lutheri

190 457 398 498 errorem
454 443 587 507 quod
635 441 988 505 Jurisdictionis
1041 440 1391 489 ecclesiasticae
1444 438 1611 487 confe-

188 511 351 558 rendae
397 521 689 575 potestatem
727 511 966 560 Fidelium
1009 509 1250 566 societati,
1304 525 1400 555 non
1444 506 1623 571 primis⁴

191 578 473 626 Pastoribus
511 595 800 627 concessam
818 577 1200 627 existimaverit.
1239 576 1385 630 Quod
1412 574 1610 640 quidem

186 647 509 710 perniciosum
547 647 834 711 principium
872 664 969 694 non
1007 645 1226 694 obscuris
1260 644 1420 692 verbis
1468 659 1608 691 reno-

185 716 314 786 vavit
351 715 608 764 Richerius
643 715 861 765 Tr.actat
903 716 965 764 de
1004 715 1144 763 Eccl.
1179 723 1229 762 et
1267 711 1394 760 civili
1431 721 1609 775 potest.

188 800 231 831 c.
266 787 307 831 l.
334 785 382 829 2.
861 807 865 811 ⁴

214 852 521 901 Lutherum
547 853 702 902 secuti
728 861 841 901 sunt
861 851 1111 926 Illyricas,
1150 848 1426 911 Kemnitius
1453 858 1502 897 et
1527 847 1608 896 alii

184 921 506 968 communiter
530 927 632 983 ejus
652 920 915 985 Discipuli.
965 920 1174 974 Quidam
1199 929 1362 966 tamen
1389 917 1610 978 ejusdem

183 999 332 1036 sectae
381 984 683 1059 Defensores
726 988 1063 1078 ordinationis
1110 988 1499 1074 Sacramentum
1526 1001 1612 1064 ag-

184 1067 410 1105 noscunt.
1488 1078 1508 1082 ν·

251 1125 480 1174 Calvinus
527 1126 747 1193 quamvis
789 1089 955 1175 multis
999 1124 1048 1172 in
1096 1123 1223 1172 loeis
1264 1123 1396 1172 duo
1413 1131 1608 1171 tantum

184 1208 297 1240 cum
326 1194 555 1246 Luthero
597 1190 921 1243 Sacramenta
970 1203 1244 1250 recenseat,
1302 1192 1608 1255 Baptismum

183 1277 362 1325 nempe
398 1272 448 1310 et
485 1262 857 1321 Eucharistiam,
905 1263 987 1312 lib.
1021 1272 1186 1310 tamen
1223 1265 1271 1308 4.
1307 1259 1524 1308 Institut.
1562 1275 1606 1307 c.

190 1333 268 1377 14.
304 1330 366 1377 de
406 1330 592 1380 Ordine
630 1342 864 1409 tanquam
908 1332 971 1379 de
1015 1331 1333 1379 Sam-amento
1371 1328 1603 1392 loquitur.

187 1396 376 1445 Calvini
412 1413 471 1446 ea
506 1399 568 1448 de
602 1415 656 1448 re
692 1399 981 1448 variationes
1015 1398 1192 1446 imitati
1226 1406 1337 1445 sunt
1365 1402 1407 1459 ej
1414 1413 1468 1445 us
1494 1394 1608 1444 Dis-

189 1464 353 1528 cipuli.
1614 1474 1617 1475 ’

253 1525 486 1590 Quamvis
509 1533 742 1583 divinam
755 1550 907 1583 sacrae
929 1532 1216 1582 hierarchiae
1249 1531 1604 1597 institutionem

186 1601 365 1650 invicte
388 1603 684 1666 probaverit,
721 1604 803 1667 qui
842 1602 1145 1652 Sacramenti
1170 1600 1367 1651 Ordinis
1392 1599 1609 1648 existen-

184 1669 299 1717 tiam
337 1670 767 1725 demonstraverit,
797 1682 1060 1735 utrumque
1087 1670 1448 1718 Haereticorum
1474 1683 1606 1716 erro-

185 1753 286 1787 rem
310 1738 670 1807 perspicuitatis
691 1756 844 1795 ,causa
865 1739 1116 1805 sigillatim
1135 1739 1216 1787 hic
1240 1737 1536 1786 refellemus.

594 1906 1061 2018 ‘''PRoPosmo
1111 1945 1151 1992 1.
1193 1983 1196 1985 .

190 2079 350 2126 Status
375 2077 659 2129 Clericorum
684 2080 739 2129 id
767 2089 850 2138 est,
885 2082 1091 2131 virorum
1127 2081 1193 2129 ad
1223 2096 1360 2129 sacra
1396 2078 1603 2127 obeunda

249 2147 651 2214 dispensandaque
671 2149 911 2198 Fidelz'bus
930 2153 1233 2198 Sacramenta
1258 2148 1603 2212 deputatorum,

254 2233 281 2262 a
307 2217 692 2265 statchaicorum
710 2217 869 2266 divina
893 2218 1184 2267 institutione
1202 2215 1522 2282 distinguitur,
1549 2232 1603 2264 ac

247 2284 448 2348 proinde
470 2285 625 2334 existit
643 2302 779 2334 sacra
790 2286 1079 2335 hierarchia.

252 2417 400 2471 Proh.
434 2423 495 2467 1⁰.
529 2437 586 2469 ex
608 2422 752 2470 veteri
782 2421 1087 2471 Testamenta
1159 2421 1218 2469 In
1243 2420 1440 2483 antiqua
1463 2418 1604 2483 Lege

189 2485 365 2534 Tribus
385 2487 506 2536 Levi
532 2505 559 2536 a
580 2490 691 2537 Deo
715 2490 993 2553 specialiter
1015 2488 1257 2538 destinata
1282 2500 1356 2538 est
1378 2488 1440 2535 ad
1463 2486 1605 2535 func·

185 2553 343 2601 tiones
362 2556 718 2606 ecclesiasticas
736 2558 1055 2617 exercendas,
1077 2557 1284 2606 exclusis
1303 2556 1425 2605 aliis.
1467 2555 1605 2602 Hinc

190 2621 335 2676 Core‚
362 2624 558 2672 Dathan
583 2635 633 2673 et
653 2625 858 2685 Abiron,
895 2637 1025 2675 terra
1049 2625 1352 2684 dehiscente,
1388 2622 1605 2686 absorpti

186 2699 313 2746 sunt,
350 2692 478 2752 quod
519 2709 630 2744 cum
666 2691 829 2742 essent
864 2710 925 2742 ex
959 2693 1055 2743 alia
1090 2693 1266 2752 Tribu‚
1314 2708 1422 2744 sese
1459 2692 1605 2739 rebus

191 2756 339 2803 sacris
373 2758 646 2808 immiscere
681 2762 938 2811 voluerint.
1015 2763 1140 2812 Cum
1175 2763 1343 2826 itaque
1378 2759 1604 2808 sacerdo-

186 2823 304 2871 tium
331 2840 465 2874 novae
484 2827 633 2892 Legis
654 2831 807 2878 veteri
825 2830 887 2878 sit
907 2830 1093 2879 infinite
1111 2829 1432 2895 praestantiuS,
1451 2827 1605 2876 multo

190 2891 343 2952 magis
368 2894 537 2943 debuit
561 2912 589 2944 a
612 2908 740 2945 statu
766 2900 961 2963 plebeio
984 2899 1231 2963 distingui.

257 2960 404 3008 Proh.
439 2964 505 3009 2⁰.
552 2980 610 3012 ex
643 2981 761 3016 novo
800 2968 850 3016 T
846 2976 1112 3017 estamento
1158 2969 1273 3016 Act
1317 2970 1400 3014 20.
1440 2980 1485 3010 v
1510 2963 1604 3080 38·

963 3066 965 3068 ν
1365 3033 1506 3082 Attea
1542 3030 1606 3079 ite
