1846 3250
284 141 385 189 484
781 136 1233 191 TRACTATUS
1269 184 1272 187 .
1335 176 1339 180 .

280 272 545 325 humiliter
561 271 808 329 sustinere,
845 291 981 340 quam
1014 292 1106 341 per
1151 274 1365 326 carnale
1379 281 1714 337 commercium,

272 349 536 407 peceatum,
592 356 770 417 nempe
809 340 1202 419 fornicationem,
1263 346 1450 410 operari
1505 347 1714 396 mortale.

282 410 421 458 Hinc
446 409 621 468 debet,
637 409 676 456 si
703 409 928 457 conscius
951 410 1012 458 s1t
1027 409 1380 474 impedimenti,
1406 430 1550 476 quam
1573 415 1716 462 citius

278 474 695 553 'dispensationem
722 475 962 533 obtinere,
999 488 1050 525 et
1084 478 1273 526 interea
1296 482 1386 528 sub
1412 482 1572 544 aliquo
1597 499 1715 545 prae-

279 554 441 602 textu,
478 561 521 592 v.
544 561 591 621 g.
627 543 756 607 piam
782 543 1223 608 peregrinationem
1255 547 1500 606 obeundo,
1535 550 1597 598 ab
1625 565 1715 598 usu

279 612 573 661 matrimonii
599 627 795 676 prorsus
822 612 1082 661 abstinere.
1709 637 1713 644 -

350 683 414 728 2⁰³
452 678 549 743 Qui
575 679 637 726 de
670 680 834 728 valore
869 679 1162 728 matrimonii
1201 680 1469 744 prudenter
1506 681 1714 741 dubitat,

277 764 377 802 non
415 756 581 812 potest
617 745 837 795 debitum
874 756 1061 811 petere,
1112 747 1290 805 donec,
1340 750 1562 814 diligenti
1600 767 1718 799 exa·

276 816 412 865 mine
448 814 686 872 adhibito,
725 815 926 862 dubium
966 815 1286 879 deposuerit3
1323 817 1436 880 quia
1473 834 1527 865 se
1569 831 1722 891 expo&

278 894 422 933 neret
449 882 782 931 fornicationis
807 881 1044 945 periculo.
1121 883 1220 931 Sed
1245 891 1408 932 tamen
1434 885 1551 933 illud
1580 888 1716 934 tenes-

278 963 360 1001 tur
385 950 607 999 reddere
613 949 738 1014 parti
763 966 860 996 non
878 949 1136 1008 dubitanti,
1163 961 1216 998 ut
1241 950 1449 1000 habetur
1469 953 1579 1000 eod.
1603 970 1714 1026 cap.

278 1019 604 1085 Inquisitionz',
654 1018 716 1065 de
756 1018 891 1065 Sent.
928 1034 1123 1066 excom.
1194 1018 1342 1066 Ratio
1368 1030 1442 1067 est
1468 1021 1581 1083 quia
1605 1034 1721 1094 pars

280 1104 381 1136 non
420 1086 648 1134 dubitans
686 1084 888 1147 petendi
921 1090 1003 1147 Jus
1045 1086 1209 1144 habet,
1249 1102 1346 1150 quo
1394 1088 1570 1151 privari
1617 1105 1712 1135 non

277 1165 444 1220 potest
485 1162 687 1217 propter
725 1152 925 1200 alterius
975 1152 1194 1212 dubium,
1232 1153 1392 1202 donec
1440 1155 1715 1205 constiterit,

267 1223 463 1272 'nullum
491 1237 598 1269 esse
624 1219 999 1268 matiimonium.

349 1295 414 1339 3⁰·
472 1290 554 1338 Sic
579 1294 762 1350 conjux
792 1298 1000 1352 uterque
1035 1287 1097 1335 de
1122 1286 1412 1336 matrimonii
1437 1289 1603 1338 valore
1628 1290 1715 1338 du-

278 1358 421 1416 bitet,
459 1356 619 1406 neutri
644 1357 778 1414 licet,
815 1366 976 1403 stante
1001 1355 1166 1412 dubio,
1196 1356 1415 1403 debitum
1442 1359 1717 1421 petere'vel

276 1426 506 1483 reddere,
544 1424 659 1488 quia
681 1440 733 1472 se
760 1433 1067 1487 exponerent
1092 1423 1241 1471 dubio
1264 1424 1553 1473 fornicandi.
1610 1425 1714 1474 De-

279 1496 402 1544 bent
442 1493 591 1558 igitur
633 1508 735 1540 rem
762 1491 1022 1555 diligenter
1054 1490 1316 1555 inquirere.
1388 1491 1439 1540 Si
1466 1509 1580 1547 vero
1604 1504 1718 1556 post

281 1578 493 1611 examen
541 1560 742 1608 dubium
802 1568 1101 1623 perseveret,
1138 1568 1359 1622 possunt,
1386 1563 1534 1621 Juxta
1583 1576 1717 1608 corn-

280 1645 480 1679 munem
517 1626 830 1682 sententiam,
868 1626 1088 1674 debitum
1113 1636 1285 1689 petere
1321 1636 1371 1673 et
1406 1627 1631 1683 reddere.
1667 1628 1715 1675 in

282 1712 399 1745 casu
442 1711 539 1772 quo
581 1695 711 1741 bona
753 1692 850 1739 fide
890 1692 1247 1758 matrimonium
1294 1693 1536 1750 inierunt3
1571 1711 1715 1744 secus

281 1780 418 1821 vero,
456 1762 494 1812 si
521 1762 647 1809 mala
669 1759 768 1808 fide
802 1759 1157 1806 cOntraxerint.

354 1832 434 1879 40
473 1829 569 1883 Qui
595 1838 706 1892 post
731 1826 1091 1876 matrimonium
1134 1825 1444 1890 culpabiliter
1486 1828 1717 1892 cognovit

285 1896 700 1961 consanguineam
727 1893 949 1957 conjugis
984 1893 1032 1940 in
1058 1892 1215 1957 primo
1251 1894 1327 1941 vel
1353 1895 1574 1943 secundo
1611 1913 1720 1960 gra-

285 1969 370 2023 du,
407 1982 505 2013 non
542 1972 722 2028 potest,
747 1962 838 2009 nisi
874 1961 1002 2008 illius
1026 1959 1363 2024 impedimenti
1400 1960 1720 2026 dispensatio

285 2052 399 2084 nem
425 2030 708 2110 obtinuerit,
744 2038 915 2094 petere
935 2028 1174 2083 debitum,
1211 2044 1320 2092 cap.
1351 2032 1393 2075 1.
1419 2039 1469 2077 et
1495 2032 1570 2089 10.
1640 2034 1721 2080 De

284 2121 338 2153 eo
385 2101 467 2167 qui
510 2098 738 2164 cognovit.
815 2097 1035 2144 Tenetur
1082 2105 1245 2144 tamen
1298 2096 1423 2160 parti
1468 2091 1718 2147 innocenti
1757 2148 1761 2150 ,

286 2170 509 2220 debitum
522 2166 763 2244 ‘rdddere‚
801 2180 913 2211 curn
939 2162 1021 2210 ille
1051 2178 1171 2224 jure
1192 2180 1275 2211 suo
1300 2180 1391 2210 non
1424 2163 1584 2214 debeat
1621 2167 1721 2214 sine

289 2236 427 2302 culpa
444 2234 652 2298 privari,
690 2231 758 2280 ait
785 2232 958 2278 Innoc.
984 2230 1081 2277 111.
1101 2246 1209 2293 cap.
1233 2233 1282 2278 6.
1308 2230 1418 2277 eod.
1443 2231 1518 2278 tit.
1577 2221 1723 2285 Quod

292 2306 333 2353 si
357 2318 581 2368 compars
606 2300 668 2347 ad
691 2298 823 2346 istud
866 2298 1049 2345 crimen
1074 2296 1391 2354 consenserit,
1428 2307 1603 2346 neuter
1639 2316 1725 2363 po-

291 2372 409 2422 terit
444 2369 653 2431 reddere
688 2366 766 2414 vel
808 2373 979 2441 petere
1015 2363 1252 2422 debitum,
1292 2373 1345 2411 ut
1381 2365 1627 2428 colligitur
1659 2383 1726 2418 ex

291 2439 434 2489 variis
450 2435 573 2500 juris
598 2432 821 2484 canonici
847 2431 1080 2480 textibus.
1156 2482 1160 2484 ἢ

364 2510 445 2556 50·
502 2503 552 2551 Si
591 2510 704 2567 post
744 2509 1052 2549 contractum
1094 2496 1451 2546 matrimonium
1498 2515 1728 2565 superve-

297 2574 427 2623 nerit
472 2570 873 2634 impedimentum
923 2565 1226 2630 cognationis
1256 2566 1553 2629 spiritualis,
1606 2585 1651 2614 v.
1675 2586 1724 2631 g.

297 2642 338 2691 si
363 2645 626 2701 conjugum
666 2651 790 2684 unus
832 2642 974 2682 extra
998 2648 1163 2681 casum
1205 2632 1529 2680 necessitatis
1540 2635 1728 2697 prolem

300 2721 611 2758 communem
651 2701 920 2766 baptizavit
958 2711 1044 2748 aut
1078 2699 1127 2746 in
1170 2699 1472 2762 Baptismate
1515 2700 1730 2749 scienter

301 2774 476 2832 tenuit,
514 2783 632 2821 tunc
658 2769 793 2818 licite
831 2785 929 2817 non
969 2776 1133 2833 potest
1155 2778 1327 2831 petere
1368 2766 1604 2830 debitum,
1638 2766 1729 2818 sed

297 2843 511 2893 reddere
535 2848 747 2888 tenetur.
1508 2866 1510 2870 -

368 2915 450 2960 60·
511 2906 609 2963 Qui
654 2914 823 2989 votum
869 2900 1105 2953 castitatis
1150 2901 1359 2967 simplex
1407 2899 1566 2949 emisit
1616 2912 1729 2978 post

1372 2968 1728 3017 matrimonium
