1846 3250
534 157 631 207 DE
673 144 1175 205 MATRIMONIO.
1474 140 1577 204 315

144 296 332 350 berum,
370 285 632 348 servitutis,
660 287 969 352 captivitatis,
997 288 1156 352 gravis
1182 287 1327 343 exilii,
1358 286 1574 336 diuturni

150 363 387 417 carceris,
409 368 588 407 statum
624 359 697 404 vel
725 357 962 404 notabilia
994 358 1122 404 bona
1157 356 1427 412 amittendi,
1465 371 1575 418 gra-

149 429 219 476 vis
260 428 483 483 infamiae,
522 424 676 488 stupri
719 428 857 484 cnjus
900 424 1012 470 viris
1054 422 1192 471 bonis
1232 434 1389 471 metus
1427 424 1575 471 debet

151 512 256 543 esse
282 501 434 557 major
470 509 613 557 quam
640 491 787 554 ipsius
825 491 1010 538 mortis.
1081 491 1245 538 Facile
1271 492 1396 538 enim
1435 490 1578 539 intel-

150 563 316 624 ligitur
342 571 589 610 tantorum
616 559 851 606 malorum
879 558 1052 604 timore
1088 559 1349 621 perterreri
1375 574 1433 606 ac
1459 574 1576 605 con-

150 630 353 677 turbari>
377 629 531 676 virum
575 626 720 674 etiam
761 634 1083 682 constantem,
1121 642 1179 672 ac
1218 626 1390 675 saltem
1428 625 1578 673 minui
1639 670 1645 680 ἱ

149 697 425 745 libertatem
451 695 512 743 ad
540 693 896 741 matrimonium
922 692 1265 739 necessariam.

221 764 375 811 Notat
419 761 592 810 merito
634 762 692 808 S.
720 761 1065 807 Bonaventura
1109 760 1345 806 malorum
1386 760 1579 809 illorum

154 830 293 878 minis
319 832 471 877 virum
498 836 803 876 constantem
830 843 926 873 non
950 826 1227 889 perterreri,
1266 827 1354 874 nisi
1382 828 1578 903 quando

148 899 458 961 praesumitur
477 895 793 960 probabiliter
812 894 942 955 quod
961 895 1043 941 ille
1069 894 1149 957 qui
1176 893 1400 951 minatur,
1427 895 1581 958 possit

151 965 256 1012 illas
300 966 522 1029 implere,
559 979 653 1011 nec
701 962 841 1009 adest
887 961 1003 1009 huic
1046 961 1301 1008 resistendi
1344 972 1580 1037 potestas

155 1032 342 1079 Notant
378 1031 541 1087 etiam,
579 1046 671 1077 nec
695 1028 953 1086 immerito,
993 1028 1296 1086 Doctores,
1284 1045 1331 1074 in
1358 1029 1414 1076 iis
1440 1045 1582 1092 spec-2

152 1099 242 1146 tari
268 1099 449 1146 debere
479 1096 869 1157 circumstantias
893 1112 939 1142 v.
969 1112 1017 1159 g.
1053 1112 1389 1159 personarum,
1428 1096 1582 1160 quali-

151 1177 320 1223 tatem,
357 1182 549 1219 sexum,
587 1173 798 1211 aetatem.
869 1164 1063 1211 Malum
1110 1163 1237 1211 enim
1278 1163 1374 1211 dici
1414 1174 1580 1227 potest

153 1249 300 1296 grave
333 1241 563 1297 respectu
601 1231 795 1283 nobilis,
831 1229 1060 1287 foeminae‚
1100 1230 1271 1288 timidi,
1309 1231 1442 1294 quod
1484 1233 1582 1279 tale

150 1316 247 1347 non
275 1302 401 1348 esset
429 1310 655 1362 respectu
693 1299 920 1361 ignobilis
957 1308 1041 1346 aut
1079 1298 1166 1344 viri
1201 1298 1339 1345 fortis
1373 1308 1423 1346 et-
1465 1314 1582 1345 con-

154 1368 340 1414 stantis.
410 1367 598 1414 Notant
618 1366 762 1412 iidem
786 1366 1032 1413 Doctores
1057 1364 1415 1413 matrimonium
1441 1382 1582 1429 aeque

153 1434 416 1482 invalidum
445 1450 566 1491 esse,
604 1433 704 1481 sive
746 1443 903 1480 metus
941 1433 1178 1479 inferatur
1215 1449 1436 1509 personae
1472 1449 1581 1495 quae

156 1502 514 1549 matrimonium
554 1510 862 1547 contractura
891 1509 982 1554 est,
1018 1499 1120 1547 sive
1159 1500 1442 1563 propinquis
1479 1505 1582 1562 ejus

154 1585 196 1615 v.
222 1586 271 1631 g.
309 1569 434 1632 patri
460 1568 534 1615 vel
564 1567 717 1623 matii,
758 1567 832 1614 vel
858 1566 1008 1622 fratri,
1047 1567 1124 1613 vel
1150 1566 1321 1617 sorori.

228 1637 308 1684 De
351 1645 484 1683 metu
526 1646 689 1682 autem
733 1633 1060 1689 reverenfflali,
1098 1649 1195 1697 quo
1230 1633 1430 1683 inferior
1462 1652 1507 1682 v.
1533 1652 1582 1698 g.

155 1703 281 1750 filius
334 1711 563 1766 respectu
615 1701 783 1764 patris,
833 1700 1048 1763 pupillus
1108 1711 1339 1764 respectu
1388 1704 1581 1761 tutoris,

153 1769 376 1817 subditus
420 1777 648 1832 respectu
677 1768 932 1830 Principis,
971 1769 1033 1814 ob
1074 1769 1397 1817 reverentiam
1427 1770 1526 1834 Sup
1532 1787 1583 1817 e-

155 1837 292 1883 rioris
343 1853 489 1900 quem
542 1835 789 1882 offendere
838 1836 993 1890 timet,
1047 1835 1228 1897 aliquid
1287 1836 1387 1899 agit
1449 1838 1584 1900 quod

156 1920 303 1966 agere
330 1903 572 1959 nollet,d
579 1902 792 1966 ῐ5ριιῑειῃι
818 1902 1077 1964 Theologi.
1115 1904 1390 1951 Convenit-e
1419 1913 1585 1951 tamen

153 1971 380 2017 videntur
443 1978 627 2015 metum
688 1984 794 2015 esse
851 1939 1040 2017 levemo
1068 1985 1161 2017 nec
1221 1971 1583 2019 matrimonium

158 2037 401 2092 dirimere,
439 2047 491 2083 s‘e
539 2036 600 2083 sit
649 2051 783 2082 mere
831 2035 1161 2083 reverentialis
1199 2046 1249 2084 et
1296 2039 1516 2087 seclusus
1556 2052 1585 2087 a

159 2104 291 2167 gravi
319 2103 696 2152 comminatione
717 2102 913 2150 malisve
940 2104 1311 2152 tractationibus
1335 2108 1585 2168 praesenti-

157 2174 248 2218 bus
290 2181 374 2219 aut
417 2170 733 2234 probabiliter
773 2169 981 2226 futuris;
1018 2171 1132 2234 quia
1168 2189 1362 2234 aequum
1406 2174 1585 2221 ut‘filii

159 2238 441 2302 parentibus
484 2254 545 2285 ex
573 2237 845 2291 reverentia
885 2239 1218 2300 subjiciantur,
1256 2256 1349 2288 nec
1374 2239 1455 2289 ille
1482 2258 1584 2290 me-

158 2318 234 2352 tus
279 2306 385 2354 talis
423 2316 499 2352 est
542 2314 593 2352 ut
634 2314 817 2352 terrere
852 2307 1006 2368 possit
1046 2322 1213 2354 verum
1257 2318 1582 2357 constantem.

159 2376 230 2420 At
277 2383 434 2420 metus
470 2371 645 2435 gravis·
678 2382 923 2429 censetur,
968 2373 1428 2438 matrimoniumque
1465 2376 1587 2423 -diri-

160 2441 263 2495 mit,
298 2439 345 2486 sis
389 2439 661 2501 Superioris
712 2440 1064 2489 rationabiliter
1111 2442 1375 2502 timeantur
1421 2443 1581 2502 minae‚

164 2507 382 2564 verber-a,
418 2506 638 2561 servitus,
676 2507 834 2569 gravis
882 2517 933 2554 et
980 2507 1209 2555 diuturna
1245 2509 1462 2569 offensio,
1508 2512 1582 2557 in*

162 2573 397 2635 dignatio,
435 2575 749 2621 tractationes
785 2574 997 2636 indignae
1031 2584 1117 2622 aut
1147 2576 1306 2623 verbis
1344 2587 1429 2625 aut
1464 2578 1584 2626 acti-

159 2640 267 2687 bus.
341 2639 432 2688 His
464 2641 590 2689 enim
630 2641 699 2688 vir
736 2641 881 2689 etiam
908 2652 1135 2691 constans
1160 2642 1365 2692 afficitur
1389 2660 1448 2692 ac
1472 2663 1586 2710 per-

162 2706 349 2754 terreri.

230 2775 309 2819 2⁰·
359 2773 427 2821 Ut
473 2785 632 2824 metus
674 2776 1033 2825 matrimonium
1073 2776 1282 2855 dirimat,
1320 2781 1585 2843 requiritur

164 2841 295 2902 quod
335 2839 512 2902 injuste
553 2841 699 2892 fuerit
735 2844 971 2907 incussus.
1046 2845 1249 2894 sienim
1273 2846 1423 2893 fuerit
1448 2852 1584 2909 Juste

162 2908 400 2968 incussus,
439 2907 649 2959 validum
686 2911 775 2986 erit
801 2912 1176 2962 matrimonium.
1248 2914 1381 2961 Hinc
1406 2915 1602 2972 valide,.

802 2977 844 3025 E
870 2993 898 3026 e
1044 3005 1047 3010 Δ
1342 2981 1586 3032 contrahit
