1852 3250
681 170 778 220 DE
817 159 1110 219 ORDINE.
1545 166 1604 215 17

257 311 464 374 Optatus
513 305 845 362 Milevitanus‚
881 305 965 353 lib.
1007 307 1055 351 2.
1102 311 1273 352 contra
1317 300 1605 350 Donatistas

188 388 286 426 tres
331 373 518 425 tantum
579 375 881 425 Clericorum
942 373 1172 427 Ordines,
1234 382 1601 426 commemorat,

188 461 362 509 nempe
400 444 687 508 Episcopos,
726 443 1075 508 Praesbyteros‚
1114 440 1381 496 Diaconos,
1430 438 1606 503 quibus

191 513 383 561 Fideles
406 513 558 561 addit.

255 581 320 629 R.
345 583 409 630 ad
436 586 477 629 l.
519 581 568 628 S.
594 579 924 644 Hieronymus
949 576 1031 625 hic
1056 586 1281 626 recenset
1308 573 1608 624 Christiano-

188 664 312 707 rum,
344 665 447 696 'non
482 644 783 698 Clericorum
808 657 1004 704 statum,
1042 656 1094 694 ut
1114 655 1253 709 patet
1289 661 1352 692 ex
1379 660 1438 692 eo
1476 642 1610 707 quod

191 717 460 782 Episcopis,
497 716 813 779 Praesbyteris
839 726 886 763 et
913 714 1149 762 Diaconis
1185 714 1419 775 adjungat
1466 711 1609 759 Fide-

191 786 264 834 les
289 797 339 834 et
367 786 778 835 Catechumenos.
847 783 968 837 Quis
1007 782 1132 830 enim
1175 780 1440 829 crediderit
1473 791 1607 828 cate-

192 855 537 902 chumenatum
562 870 649 901 seu
684 862 863 900 statum
900 867 996 898 non
1022 850 1273 915 baptizati,
1309 850 1436 898 inter
1463 847 1610 897 Ordi-

192 938 280 971 nes
304 939 333 970 a
359 923 408 970 S.
435 923 738 986 Hieronymo
763 919 1044 968 numerari?

264 991 356 1038 His
392 991 521 1039 addo
566 991 615 1038 S.
660 989 1038 1053 Hieronymum,
1092 996 1146 1035 ut
1193 1002 1290 1034 non
1338 985 1481 1049 pauci
1529 982 1612 1033 alii

196 1059 382 1116 Patres,
419 1076 507 1124 per
542 1058 792 1107 Diaconos
827 1055 1129 1104 intellexisse
1166 1072 1249 1104 eos
1275 1066 1481 1102 cunctos
1529 1053 1613 1117 qui

191 1127 421 1175 altaribus
446 1127 732 1184 ministrant,
770 1142 891 1191 quos
915 1125 1016 1189 ipse
1041 1123 1155 1173 alibi
1178 1123 1422 1187 sigillatim
1443 1123 1614 1187 appel-

194 1196 278 1242 lat.
316 1195 396 1244 Sic
423 1195 581 1260 Epist.
605 1198 687 1244 91.
731 1193 1068 1243 Subdiaconos
1094 1203 1347 1249 memorat,
1385 1192 1540 1254 Epist.
1564 1194 1615 1239 2.

198 1263 468 1328 Acolytos3
507 1262 869 1313 Commentario
895 1272 1058 1310 autem
1083 1261 1131 1307 in
1157 1277 1263 1325 cap.
1292 1262 1340 1308 2.
1365 1260 1522 1325 Epist.
1548 1259 1613 1307 ad

197 1331 381 1379 Titum.
405 1331 688 1380 Exorcistas
713 1332 951 1379 Lectores
976 1341 1024 1378 et
1051 1329 1304 1378 Ostiarios.

266 1400 347 1448 Ad
385 1402 430 1448 2.
471 1400 833 1447 Ambrosiaster
875 1398 1089 1462 quinque
1129 1397 1369 1445 Ordinum
1407 1412 1469 1444 eo
1513 1396 1613 1444 Ioci

196 1477 384 1515 tantum
419 1467 652 1524 meminit,
689 1467 800 1529 quia
833 1466 982 1530 ipsius
1016 1465 1289 1513 institutum
1326 1482 1422 1512 non
1448 1476 1618 1529 postu-

197 1536 331 1582 labat
358 1545 409 1583 ut
434 1535 495 1583 de
515 1535 706 1583 duobus
731 1534 834 1582 aliis
860 1534 1125 1586 Ordinibus
1149 1534 1446 1596 loqueretur.
1500 1534 1615 1580 Non

196 1601 367 1651 definit
390 1614 552 1651 autem
578 1603 696 1651 alios
723 1612 958 1667 praeterea
982 1619 1077 1650 non
1114 1618 1219 1650 esse
1247 1601 1472 1649 OrdineS.

267 1672 347 1719 Ad
370 1674 417 1718 3.
458 1672 668 1735 Optatus
705 1670 1019 1719 Milevitanus
1057 1670 1412 1735 Hieronymum
1453 1671 1615 1733 sequi-

196 1749 278 1788 tur
295 1739 566 1804 eodemque
590 1739 735 1787 modo
761 1739 909 1788 debet
933 1739 1154 1802 intelligi.

267 1808 509 1856 Caeterum
535 1825 644 1856 cum
672 1809 796 1856 inter
831 1808 1056 1871 praefatos
1084 1807 1293 1855 Ordines
1319 1807 1513 1872 quidam
1547 1811 1609 1859 ab

200 1875 440 1934 Ecclesia,
477 1893 574 1924 non
599 1892 626 1924 a
652 1876 845 1925 Christo
881 1876 1061 1924 fuerint
1096 1875 1320 1932 instituti,
1355 1887 1407 1923 ut
1443 1890 1617 1940 postea

199 1943 484 2000 videbimus,
520 1944 634 1992 hinc
660 1961 755 1992 non
791 1961 983 2009 semper
1019 1945 1334 1992 obtinuerunt
1371 1960 1538 1992 omnes
1563 1941 1616 1991 in

199 2012 421 2059 omnibus
439 2012 689 2060 Ecclesiis.
762 2012 895 2060 Hinc
910 2013 1102 2075 quidam
1128 2012 1418 2060 omittuntur
1443 2028 1470 2060 a
1494 2029 1615 2060 non-

202 2078 346 2127 nullis
382 2079 624 2138 Patribus,
662 2079 775 2144 quia
815 2097 897 2129 eos
939 2092 1126 2129 tantum
1169 2082 1488 2129 recensebant
1531 2082 1615 2144 qui

197 2147 631 2212 frequentabantur
655 2149 703 2195 in
728 2148 846 2197 locis
872 2150 953 2197 ubi
978 2150 1241 2214 degebant.
1311 2150 1380 2197 At
1406 2166 1501 2197 non
1528 2166 1614 2197 ne-

201 2217 384 2280 gabant
409 2216 511 2264 aliis
536 2216 584 2263 in
608 2217 727 2272 locis
753 2217 871 2265 alios
898 2218 1109 2266 Ordines
1136 2217 1373 2265 obtinere.

274 2285 466 2338 Quceres
490 2283 586 2332 10·’
612 2301 671 2333 an
696 2282 824 2333 idem
851 2288 977 2349 apud
1005 2287 1207 2335 Graecos
1243 2297 1291 2333 et
1319 2285 1613 2343 Orientales,

200 2368 343 2416 quam
380 2353 510 2416 apud
546 2353 765 2415 Latinos,
800 2353 947 2402 fuerit
983 2354 1223 2403 Ordinum
1260 2353 1614 2421 ecclesiastico·

199 2436 304 2468 rum
332 2437 561 2469 numerus
582 2423 599 2471 ἓ

268 2489 330 2537 R.
355 2504 382 2536 e
406 2500 592 2553 septem
614 2488 887 2546 memoratis
907 2489 1172 2538 Ordinibus
1196 2500 1401 2553 quatuor
1424 2499 1614 2538 tanturn

201 2571 230 2603 a
256 2556 442 2605 Graecis
467 2569 517 2606 et
544 2557 873 2606 Orientalibus
905 2559 1166 2616 observari,
1193 2576 1365 2623 nempe
1393 2560 1616 2623 Praesby-

201 2633 431 2681 terorum‚
468 2626 818 2684 Diaconorum,
870 2626 1285 2675 Subdiaconorum
1333 2638 1383 2675 et
1431 2627 1616 2675 Lecto-

202 2707 324 2738 rum.
393 2693 451 2740 Id
471 2704 661 2742 constat
685 2695 796 2758 quia
819 2694 865 2741 in
893 2696 1113 2743 omnibus
1142 2695 1457 2759 Euchologiis
1477 2695 1614 2742 Grae-

204 2774 370 2807 corum
395 2771 445 2808 et
470 2761 791 2810 Orientalium
816 2764 876 2811 ab
914 2764 1208 2827 octingentis
1244 2764 1379 2812 annis
1416 2763 1617 2811 usitato-

201 2842 305 2873 rum
344 2840 669 2878 memorantur
711 2830 907 2894 quidem
945 2832 1228 2891 Lectorum‚
1279 2832 1615 2880 Subdiacono-

202 2910 325 2948 rum,
377 2895 721 2956 Diaconorum,
781 2899 1209 2964 Praesbyterorum,
1255 2900 1611 2963 Episcoporum

202 2961 429 3026 OrdineS,
467 2980 732 3030 eorumque
757 2966 875 3016 ritus
900 2968 1271 3025 describuntur3
1313 2968 1361 3013 in
1403 2968 1460 3013 iis
1496 2982 1611 3013 vero

708 3051 712 3058 ’
1307 3033 1613 3100 praetermissi
