1846 3250
553 195 649 245 DE
689 193 1184 245 MATRIMONIO.
1479 189 1579 244 21‘9
1627 186 1632 189 ¹

232 331 632 397 30·Requi1itur
670 340 722 385 ut
741 330 1036 407 procuratio
1086 346 1183 378 non
1236 327 1297 377 sit
1325 338 1577 385 revocata,

153 419 258 454 'nec
294 416 525 465 expresse
559 414 652 449 nec
688 397 845 446 etiam
869 399 1034 463 tacite,
1091 408 1144 445 ut
1186 397 1238 445 si
1293 398 1413 462 quis,
1451 415 1499 446 v.
1530 416 1579 462 g.

162 486 396 534 sponsam
410 470 613 517 alteram
634 466 805 521 ducat,
844 465 919 513 vel
964 466 1241 513 mandatum
1269 465 1353 514 det
1377 466 1444 514 ad
1464 481 1582 514 eon·

163 536 452 592 trahendum
506 551 619 584 cum
671 534 841 582 altera.
927 533 985 583 Si
1041 533 1168 580 enim
1204 535 1485 597 procuratio
1520 534 1582 583 sit

163 616 408 662 revocata,
439 615 562 658 tunc
588 603 749 653 nullus
791 601 1105 650 Matrimonio
1132 601 1287 648 datur
1299 619 1581 661 consensuS,

164 675 348 723 nullum
392 672 594 738 proinde
640 664 1023 718 Matrimonium.
1110 669 1238 716 Haec
1281 681 1444 718 autem
1461 687 1584 720 vera

162 752 294 797 sunt,
323 741 430 789 sive
454 739 703 789 revocatio
751 735 1059 786 Procuratori
1101 738 1313 801 cognita
1329 739 1476 787 fuerit
1495 749 1587 788 aut

164 809 474 875 denuntiata,
506 809 609 856 sive
650 824 764 855 non.
845 810 1092 856 Attamen
1113 821 1181 852 ex
1209 807 1452 853 communi
1478 821 1588 855 sen·

168 878 337 936 tentia,
373 894 472 926 non
512 875 773 940 requiritur
827 884 902 922 ut
918 874 1212 922 Procurator
1246 873 1436 936 scriptis
1473 891 1590 923 con-

168 947 413 1004 stituatur,
451 945 540 993 nisi
564 945 718 996 aliter
748 941 948 1008 speciali
974 941 1191 1005 locorum
1217 941 1329 1005 lege
1341 952 1589 993 statutum

169 1016 248 1070 sit,
303 1025 358 1061 ut
405 1013 715 1061 statuendum
754 1027 860 1062 esse
895 997 1099 1066 videtur,
1137 1009 1297 1072 quoad
1320 1010 1458 1058 viros
1495 1011 1591 1074 pri-

171 1088 295 1133 vatae
331 1081 638 1136 conditionis,
676 1090 798 1143 quos
841 1078 1103 1125 Parocbus
1131 1094 1377 1141 nunquam
1405 1079 1453 1125 in
1479 1079 1592 1127 Ma-

171 1150 448 1203 trimonium
478 1155 686 1211 jungere
729 1148 895 1206 debet,
926 1146 1021 1196 nisi
1062 1141 1151 1196 sibi
1176 1146 1376 1195 indubie
1402 1149 1593 1221 constet

174 1219 241 1267 de
262 1234 429 1266 eorum
455 1217 700 1265 mandato.
1561 1255 1565 1257 a

241 1285 308 1333 R.
344 1288 423 1332 20·
457 1287 580 1333 circa
621 1285 864 1333 secundam
889 1284 1193 1348 quaestionem
1234 1299 1331 1330 non
1371 1257 1594 1341 eamdem

173 1370 285 1402 esse
325 1337 688 1416 Theologorum
732 1351 1024 1414 opinionem,
1063 1351 1280 1414 aliosque
1316 1352 1441 1400 velle
1485 1353 1596 1400 Ma-

173 1422 447 1470 trimonium
503 1437 589 1483 per
642 1421 1013 1467 Procuratorem
1064 1426 1369 1467 contractum
1423 1421 1594 1469 Sacra-

176 1489 328 1538 menti
353 1489 587 1536 rationem
614 1488 810 1542 habere,
850 1487 967 1534 alios
992 1503 1107 1535 vero
1130 1487 1179 1534 id
1206 1503 1403 1550 negare.
1476 1489 1596 1536 Sen-

175 1557 375 1606 tentiam
420 1557 734 1604 affirmantem
777 1554 1147 1618 probabiliorem
1176 1555 1473 1616 judicamus,
1515 1559 1598 1602 10·

162 1626 291 1689 ,quia
312 1625 350 1672 si
378 1626 482 1688 haec
527 1622 842 1672 Matrimonia
886 1623 1187 1670 Sacramenti
1224 1623 1472 1670 rationem
1498 1639 1598 1672 non

176 1694 431 1750 haberent,
469 1708 547 1747 ea,
581 1708 678 1739 non
727 1691 956 1738 toleraret
1007 1689 1248 1748 Ecclesia,
1274 1692 1364 1739 ·vel
1407 1692 1597 1741 saltem

178 1762 403 1824 exigeret
435 1770 489 1824 ut*
511 1770 673 1823 partes
716 1775 803 1822 per
847 1759 1217 1806 Procuratorem
1254 1760 1597 1809 contrahentes

173 1828 540 1877 Matrimonium
588 1843 675 1892 per
717 1844 778 1875 se»
817 1827 944 1890 ipsas
989 1827 1238 1884 iterarent,
1277 1835 1387 1875 cum
1434 1828 1467 1875 ii
1511 1828 1595 1893 qui

178 1912 266 1960 per
314 1897 692 1945 Procuratorem
749 1895 1059 1950 contrahunt,
1120 1911 1217 1940 non
1261 1895 1601 1960 minus'quam

178 1964 211 2010 ii
238 1964 317 2029 qui
343 1980 430 2027 per
454 1980 506 2012 se
532 1964 661 2026 ipsos
685 1965 890 2018 nubunt,
919 1962 1092 2009 Gratia
1128 1962 1196 2009 ad
1236 1963 1315 2026 pie
1339 1964 1599 2012 vivendum

180 2032 448 2094 indigeant.
522 2030 676 2093 Atqui
702 2030 1124 2080 tamenEcclesia
1163 2031 1477 2080 Matrimonia
1511 2048 1602 2095 per

180 2100 554 2148 Procuratorem
592 2108 844 2146 contracta
880 2098 1070 2155 tolerat,
1108 2114 1199 2145 nec
1241 2099 1397 2162 exigit
1419 2103 1497 2148 'ut
1527 2100 1597 2148 sic

179 2167 523 2225 contrahentes
550 2167 913 2216 Matrimonium
938 2182 1024 2228 per
1049 2182 1101 2213 se
1126 2167 1260 2230 ipsosv
1276 2167 1471 2217 iterent.

249 2236 329 2282 20·
369 2235 428 2281 In
453 2235 690 2295 ejusmodi
733 2233 1056 2282 Matrimoniis
1094 2236 1599 2298 omniareperiuntur

179 2302 243 2352 ad
275 2318 441 2359 verum
483 2302 850 2350 Sacramentum
888 2302 1133 2366 requisita,
1169 2319 1345 2367 nempe
1382 2306 1598 2362 materia,

182 2387 289 2434 quae
325 2369 372 2417 in
408 2386 648 2418 consensu
684 2369 931 2425 consistit;
981 2370 1153 2428 forma,
1188 2371 1287 2419 sive
1335 2373 1492 2435 posita
1537 2374 1602 2432 sit

180 2440 229 2486 in
266 2438 423 2486 verbis
459 2438 682 2495 Parochi,
740 2438 842 2487 sive
890 2438 936 2484 in
973 2439 1131 2486 verbis
1168 2440 1557 2488 contrahentium
1588 2461 1601 2497 ς

185 2506 468 2556 testiumet
501 2507 703 2569 legitimi
749 2506 1026 2555 Sacerdotis
1072 2507 1597 2569 praesentia,⁴intentio

183 2573 395 2622 faciendi
419 2573 548 2637 quod
571 2574 689 2623 facit
717 2570 957 2622 Ecclesia.
1056 2578 1135 2622 30·
1189 2576 1330 2631 Quia,
1369 2576 1463 2623 nisij
1492 2577 1599 2625 haec

185 2641 500 2690 Matrimonia
526 2642 824 2691 Sacramenti
850 2643 1085 2690 rationem
1122 2643 1383 2699 haberent,
1422 2644 1600 2694 Eccle-

185 2709 256 2757 sia
280 2724 374 2756 non
400 2708 581 2762 sineret
603 2727 661 2758 ea
685 2705 938 2759 celebrari
965 2726 1074 2757 cum
1107 2710 1278 2758 ritibus
1305 2712 1494 2760 cunctis
1519 2714 1599 2776 qui

188 2775 490 2825 Matrimonii
516 2778 881 2829 Sacramentum
903 2778 1133 2827 comitari
1139 2781 1333 2835 solent3
1359 2796 1452 2828 nec
1472 2783 1600 2829 enim

190 2845 337 2892 decet
359 2859 497 2892 sacro
523 2845 615 2893 ritu
641 2846 842 2910 profana
864 2840 1115 2894 celebrari.
1331 2877 1339 2891 1
1562 2875 1564 2877 -

260 2913 383 2961 Cum
417 2922 578 2961 tamen
613 2913 719 2962 baec
770 2914 933 2978 opinio
972 2915 1052 2963 -sit
1101 2924 1288 2962 tantum
1324 2879 1602 2979 probabilis,

190 2996 284 3030 nec
310 2995 453 3030 omne
477 2981 676 3035 dubium
719 2983 967 3043 excludat,
993 2982 1221 3045 expedit,
1257 2983 1319 3032 ad
1355 2998 1605 3032 removen-

1517 3051 1603 3100 dos

873 3117 923 3167 U
