1846 3250
541 152 639 201 DE
677 151 1176 202 MATRIMONIO.
1239 228 1242 230 .
1500 156 1601 204 261.

423 353 504 402 De
528 352 794 401 necessitate
818 361 860 401 et
885 354 1035 402 causis
1061 354 1355 409 Bannoram.

254 487 448 546 Quceres
480 488 556 534 10·
616 501 724 550 quae
775 486 838 535 sit
895 488 1166 536 bannorum
1226 486 1608 541 denuntiationis

175 552 440 603 necessitas
465 553 489 599 P
792 555 808 576 X
1600 575 1604 580 ¹

246 622 313 669 R.
353 623 430 667 10·
467 637 574 668 eam
611 635 717 668 esse
761 619 1113 668 necessarium⁴
1141 623 1436 672 necessitate
1489 639 1612 689 prae-

179 687 312 751 cepti
348 688 686 737 ecclesiastici.
723 688 911 737 Concil.
953 688 1081 736 enim
1109 688 1246 737 Trid.
1280 707 1398 739 sess.
1424 695 1504 739 24.
1547 692 1610 738 de

181 755 404 803 Reform.
441 772 485 803 c.
525 759 568 803 l.
603 765 715 818 post
764 755 951 805 Concil.
993 755 1161 803 Later.
1207 761 1257 805 4.
1284 759 1428 819 Jubet
1466 767 1521 806 ut
1560 760 1611 806 in

173 830 428 887 posterum,
464 830 712 888 antequam
766 824 1109 871 matrimonium
1135 851 1141 871 ·.
1168 825 1488 881 contrahatur,
1539 833 1614 874 ter

181 908 209 936 α
232 891 435 954 proprio
482 890 849 938 contrahentium
888 889 1124 945 Paracho‚
1184 891 1335 939 tribus
1384 892 1615 940 continuis

182 957 341 1005 diebus
352 957 548 1019 festivis
572 957 620 1005 in
646 957 871 1014 Ecclesia,
910 958 1033 1004 inter
1072 957 1332 1006 Missurum
1373 957 1613 1013 solemnia,

176 1022 357 1087 publice
381 1024 678 1071 denuntietur
702 1024 827 1072 inter
868 1040 980 1088 quos
1022 1025 1473 1073 matrimonium‘sit
1507 1042 1616 1073 con·

183 1089 478 1138 trahendum.
554 1090 728 1144 Quibus
770 1090 1199 1140 denuntiationibus
1231 1092 1400 1156 factis,
1438 1091 1479 1140 si
1513 1091 1616 1142 nul-

184 1155 276 1204 lum
320 1156 572 1221 legitimum
610 1165 874 1222 apponatur
905 1158 1297 1223 impedimentum,
1334 1161 1400 1208 ad
1419 1158 1619 1208 celebra-

179 1225 349 1271 tionem
408 1225 694 1272 matrimonii
748 1225 798 1272 in
835 1225 977 1288 facie
1034 1225 1256 1273 Ecclesiae
1304 1227 1614 1289 procedatur.

185 1290 296 1337 Lex
323 1289 416 1337 ista
452 1290 729 1338 Ritualibus
754 1291 1019 1347 universiss
1049 1293 1459 1357 perpluribusque
1487 1294 1617 1341 Con-

187 1357 305 1404 ciliis
331 1368 440 1420 post
466 1357 805 1405 Tridentinum
833 1359 1090 1407 celebratis
1116 1360 1445 1408 confirmatur.

255 1426 334 1470 20·
373 1424 649 1476 Bannorum
709 1425 1013 1472 denuntiatio
1072 1425 1120 1471 in
1183 1423 1359 1490 Regno
1418 1427 1627 1475 Gallico
1664 1431 1667 1436 ”

186 1492 462 1539 necessaria
511 1502 583 1539 est
636 1493 928 1540 necessitate
974 1494 1205 1556 praecepti
1265 1493 1435 1542 civilis.
1532 1495 1613 1542 Sic

189 1559 314 1606 enim
340 1558 487 1615 habet
515 1558 745 1605 Edictum
775 1560 1027 1615 Blesense,
1063 1569 1153 1606 art.
1177 1567 1225 1606 4.
1265 1562 1348 1608 Ad
1376 1578 1616 1613 occurren-

187 1627 294 1673 dum
320 1625 532 1675 abusibus
555 1634 599 1673 et
622 1626 805 1674 damnis
846 1642 948 1690 quoe
984 1643 1040 1673 ex
1075 1627 1384 1689 matrimoniis
1407 1627 1615 1677 clandes-

186 1693 297 1740 tinis
322 1692 552 1749 oriuntur,
590 1692 868 1740 decrevimus
892 1700 935 1740 et
959 1694 1263 1751 decernimus,
1300 1696 1427 1757 quod
1446 1696 1613 1744 Subdi-

185 1760 225 1807 ti
248 1758 397 1807 nostri
429 1760 751 1824 cujuscumque
774 1767 939 1817 statuS,
977 1758 1221 1825 qualitatis
1257 1769 1302 1809 et
1336 1763 1615 1813 conditionis

180 1827 403 1881 existant,
440 1826 712 1874 contrahere
728 1824 886 1874 -valide
909 1844 1001 1875 non
1021 1834 1243 1890 poterunt
1267 1829 1611 1877 matrimonium

187 1894 287 1941 sine
307 1892 499 1956 publicis
524 1893 779 1941 bannorum
800 1893 1247 1957 promulgationibus
1271 1895 1431 1958 jactis
1465 1896 1615 1945 tribus

156 2015 164 2021 Ι
191 1959 385 2008 diversis
410 1959 567 2008 diebus
581 1960 749 2023 festis
770 1976 869 2007 cum
909 1962 1183 2022 competenti
1222 1962 1438 2027 temporis
1473 1963 1618 2011 inter-

190 2025 327 2081 vallo,
366 2042 395 2072 a
434 2026 595 2091 quibus
634 2027 918 2089 dispensatio
959 2027 1158 2076 obtineri
1199 2046 1289 2076 non
1324 2030 1499 2093 poterit
1525 2033 1618 2079 nisi

183 2101 288 2158 post
299 2093 493 2157 jactam
536 2094 743 2155 primam
791 2093 1210 2159 promulgationem
1239 2116 1258 2144 .·
1285 2142 1289 2146 ,
1312 2104 1357 2143 et
1390 2096 1475 2145 hoc
1511 2100 1615 2146 tan-

189 2168 285 2207 tum
310 2160 363 2208 ob
389 2168 624 2224 urgentem
647 2168 693 2208 et
715 2159 967 2224 legitimam
1008 2177 1194 2209 causam
1225 2170 1270 2211 et
1293 2164 1361 2210 ad
1379 2163 1614 2228 supplica-

190 2227 358 2275 tionem
389 2222 732 2290 ‘praecipuorum
768 2245 793 2276 e
831 2229 1185 2294 consanguineis
1225 2247 1382 2295 eorum
1406 2232 1486 2295 qui
1508 2249 1615 2280 con-

190 2293 375 2342 trahere
399 2292 573 2342 volunt.
643 2294 993 2343 Confirmatum
1019 2306 1093 2343 est
1120 2296 1351 2345 Edictum
1379 2299 1613 2348 Blesense

193 2359 455 2409 Constitut.
511 2360 703 2408 Ludov.
730 2362 879 2409 XIII.
903 2378 980 2410 an.
1016 2365 1162 2412 1629.
1205 2364 1467 2428 multisque
1509 2366 1612 2413 aliis

191 2427 629 2476 Constitutionibus
647 2428 836 2491 Regiis.

197 2536 201 2538 .
262 2497 339 2542 30·
379 2494 654 2545 Bannorum
681 2506 844 2543 tamen
873 2497 1190 2559 proclamatio
1216 2499 1492 2549 necessaria
1516 2516 1614 2549 non

194 2569 268 2608 est
301 2561 591 2610 necessitate
648 2562 968 2618 Sacramenti,
1027 2580 1131 2619 seu,
1170 2566 1302 2629 quod
1354 2566 1482 2615 idem
1520 2580 1612 2624 est,

193 2627 328 2674 illi-us·
346 2627 600 2677 omissione
623 2630 809 2678 irritum
835 2646 931 2677 non
962 2631 1031 2678 fit.
1055 2631 1440 2684 Sacramentum.
1538 2639 1611 2682 10⁹

197 2693 324 2747 Quia
370 2693 431 2745 de
465 2695 522 2743 iis
555 2712 751 2759 prorsus
773 2752 778 2760 ¹
799 2697 943 2745 silent
999 2698 1278 2762 Scripturae.
1348 2697 1430 2749 20·
1485 2704 1615 2757 Quia

198 2759 414 2810 Concilia
465 2761 899 2812 Lateranensevet
946 2765 1285 2816 Tridentinum
1344 2768 1615 2817 bannorum

196 2827 393 2891 quidem
450 2828 875 2892 proclamationem
932 2833 1239 2897 praecipiunt,
1267 2888 1272 2892 s
1298 2836 1387 2884 sed
1444 2835 1615 2883 nullibi

195 2899 297 2957 ejus
323 2894 566 2944 omissioni
590 2897 854 2948 clausulam
876 2898 1144 2950 irritantem
1164 2902 1450 2968 adjungunt.
1537 2903 1612 2949 3⁰.

1560 2969 1610 3017 Si
