1846 3250
580 131 677 182 DE
712 129 1210 185 MATR1M0N10.
1530 133 1630 199 349

200 319 211 326 ,
257 270 320 319 R.
361 270 437 316 10·
471 281 565 315 nec
587 266 811 315 sufficere
853 266 985 330 quod
1023 266 1155 329 prior
1187 263 1386 313 maritus
1426 263 1490 312 ad
1529 281 1618 313 ex-

186 347 380 393 traneas
405 333 583 382 Mundi
609 349 718 381 oras
748 334 1007 382 translatus
1028 333 1190 387 fuerit,
1217 349 1310 380 nec
1335 331 1466 395 quod
1492 341 1618 381 tem-

188 419 308 468 pote
338 400 568 450 diuturno
605 401 779 450 absens
814 401 978 458 fuerit,
1013 417 1108 448 nec
1143 400 1272 462 quod
1309 400 1508 447 vulnere
1544 400 1616 447 le—

186 469 342 519 thali
329 486 377 515 1n
398 467 564 532 praelio
588 484 848 532 percussus
872 468 1019 516 fuerit
1038 484 1131 516 nec
1158 467 1289 530 quod
1323 467 1439 513 nihil
1465 467 1527 515 de
1552 483 1612 515 eo

187 536 407 585 auditum
455 534 634 590 fuerit3
671 552 781 583 cum
824 535 1041 583 Joannes
1089 533 1330 584 Maillard
1373 544 1484 598 post
1531 538 1615 582 43.

186 619 340 653 annos
364 602 424 651 ad
455 618 659 650 uxorem
685 601 901 650 redierit.

202 722 205 724 ,
255 672 340 717 20·
399 669 511 717 Nec
554 685 749 733 quoque
787 668 963 717 sufficit
1011 667 1059 714 in
1106 683 1160 715 re
1208 667 1331 717 tanti
1378 668 1614 730 momenti

187 737 514 786 testimonium
542 736 682 784 unius
706 735 911 783 hominis
943 734 1134 798 privati,
1173 735 1481 798 quantumvis
1506 751 1618 799 pro-

188 802 278 863 bus
326 805 594 863 habeatur3
631 819 741 851 cum
785 803 832 849 in
875 803 969 850 alia
1016 818 1068 849 re
1117 817 1427 865 quacumque
1476 802 1614 850 testis

190 888 317 920 unus
351 870 414 919 sit
448 871 585 919 testis
626 871 803 917 nullus.
872 869 1031 933 Igitur
1066 868 1164 916 duo
1195 868 1257 915 ad
1283 870 1439 917 minus
1465 879 1617 918 testes

192 938 360 987 mortis
385 936 708 999 requiruntur,
746 936 878 1000 iique
903 935 1117 984 occulati
1142 952 1200 983 ac
1224 935 1322 983 fide
1347 936 1498 999 digni.

257 1008 329 1051 30·
365 1004 422 1052 In
449 1004 624 1052 Galliae
645 1005 822 1066 Regno
848 1003 1139 1066 regulariter
1164 1002 1478 1065 requiruntur
1502 1018 1616 1066 pro-

192 1068 413 1120 bationes
438 1069 634 1118 munitae
658 1070 981 1118 instrumento
1019 1069 1306 1117 authentico
1344 1086 1371 1117 e
1396 1071 1617 1133 sepultu-

188 1155 347 1187 rarum
407 1137 623 1201 registris
680 1146 923 1194 extracto,
984 1147 1033 1184 et
1080 1137 1351 1200 recognito,
1404 1137 1613 1201 legalise,

190 1208 250 1253 ab
293 1205 419 1258 illius
460 1205 556 1252 loci
584 1204 848 1267 Episcopo,
887 1204 969 1252 ubi
1008 1205 1252 1266 sepultum
1278 1215 1353 1252 est
1383 1204 1616 1281 ‘conjugis

190 1272 412 1325 defuncti
464 1271 689 1330 cadaver.
763 1270 957 1337 Etenim
1019 1274 1192 1333 Reges
1242 1271 1394 1319 nostri
1452 1271 1618 1319 multis

192 1338 633 1388 Constitutionibus
673 1331 1072 1402 praescripserunt
1099 1349 1166 1396 ut,
1194 1338 1386 1401 quoties
1421 1339 1482 1386 de
1518 1354 1619 1386 rna-

196 1406 422 1453 trimonio
447 1414 531 1453 aut
557 1405 692 1453 obitu
717 1406 978 1469 probandis
1003 1415 1193 1467 agetur,
1231 1422 1327 1452 non
1353 1422 1440 1469 per
1467 1416 1617 1454 testes

189 1473 277 1529 sed
318 1489 406 1536 per
454 1473 776 1520 instrumenta
809 1489 836 1520 e
882 1472 1099 1536 registris
1147 1472 1356 1536 publicis
1397 1482 1621 1521 extracta

189 1539 518 1588 conficeretur
568 1555 662 1597 res,
717 1539 867 1602 idque
914 1540 963 1586 in
1001 1540 1345 1588 Tribunalibus
1392 1540 1618 1588 civilibus

191 1605 419 1669 exigitur.

257 1678 339 1720 4⁰·
376 1673 454 1721 Ex
493 1671 632 1736 praxi
675 1672 993 1734 quorumdam
1040 1673 1262 1720 locorum
1308 1672 1507 1737 insuper
1540 1689 1616 1722 re-

190 1734 409 1805 quiritur,
446 1750 499 1788 ut
538 1741 598 1788 ab
626 1739 871 1805 Episcopo
907 1740 1004 1787 loci
1048 1740 1129 1788 ubi
1169 1742 1516 1788 celebrandum
1544 1751 1621 1789 est

189 1807 548 1855 matrimonium
574 1816 960 1870 recognoscatur
1001 1807 1188 1854 dictum
1224 1807 1620 1867 instnumentum,

190 1884 418 1936 tanquam
454 1873 726 1936 legitimum
764 1883 814 1920 et
849 1874 912 1920 ad
948 1872 1094 1921 fidem
1129 1873 1404 1921 faciendam
1446 1875 1626 1923 suffici-

190 1956 292 1996 ens,
329 1940 598 2004 praesertim
616 1940 656 1986 si
684 1956 712 1987 e
730 1939 955 2003 Regione
980 1940 1250 2004 longinqua
1273 1942 1479 1989 venerit.

260 2011 342 2053 50·
376 2007 436 2054 In
461 2007 653 2055 casibus
688 2006 1099 2063 extraordinariis,
1137 2008 1311 2072 quibus
1337 2025 1380 2055 v.
1388 2026 1454 2070 g,
1492 2025 1621 2058 mors

193 2067 413 2137 conjugis
437 2083 521 2121 aut
545 2073 798 2137 naufragio
823 2083 907 2122 aut
931 2075 1096 2137 praelio
1121 2074 1343 2123 defuncti
1386 2076 1621 2124 Christia-
1653 2128 1660 2136 ,

194 2156 365 2187 norum
413 2150 711 2189 mortuorum
772 2140 988 2204 registris
1043 2141 1241 2189 inscribi
1294 2159 1389 2190 non
1439 2143 1619 2206 potuit,

196 2207 450 2270 Capitanei
475 2217 559 2255 aut
584 2207 717 2255 navis
742 2207 970 2255 Praefecti
1011 2219 1095 2256 aut
1121 2225 1290 2256 eorum
1322 2209 1560 2258 defectu
1547 2227 1627 2273 ¹¹¹⁸.

188 2273 377 2322 ferioris
396 2273 628 2322 Officiarii
653 2284 738 2322 aut
763 2275 968 2322 aliorum
998 2275 1208 2324 virorum
1238 2275 1336 2324 fide
1361 2276 1623 2341 dignorum

190 2340 561 2402 producendum
589 2339 683 2389 erit
718 2342 1047 2390 testimonium
1083 2345 1335 2407 scriptum,
1370 2360 1472 2407 quo
1505 2360 1623 2393 con-

189 2418 286 2470 stet
312 2412 598 2473 conjugem,
635 2408 697 2456 de
723 2425 821 2472 quo
846 2410 1023 2472 agitur,
1048 2426 1155 2458 esse
1179 2410 1483 2458 defunctum.

266 2474 461 2530 Quaeres
488 2478 568 2523 30·
605 2474 721 2537 quid
760 2491 907 2538 agere
946 2475 1125 2525 debeat
1166 2477 1340 2525 mulier
1377 2495 1484 2541 quae
1508 2488 1621 2543 post

194 2540 550 2590 matrimonium
587 2558 699 2590 cum
725 2542 821 2590 alio
845 2542 948 2591 viro
984 2544 1114 2591 bona
1152 2544 1250 2592 fide
1292 2555 1619 2603 contractum,

193 2607 402 2669 pxiorern
455 2624 595 2657 suum
646 2608 871 2680 maritum
919 2609 968 2657 in
1014 2610 1133 2659 vivis
1178 2628 1432 2699 superesse
1481 2622 1620 2662 certo

196 2674 428 2722 rescivit?
500 2684 502 2689 ’

261 2742 324 2788 R.
359 2740 514 2790 teneri
551 2758 658 2792 earn
696 2742 1014 2806 aposteriore
1041 2749 1250 2810 conjuge
1274 2747 1556 2802 recedere,
1566 2756 1617 2794 et

195 2808 255 2857 ad
284 2807 508 2871 priorem,
545 2809 585 2856 si
622 2820 904 2873 compareat
929 2822 1014 2861 aut
1054 2812 1175 2861 adiri
1217 2813 1387 2877 possit,
1424 2812 1622 2869 reverti,

198 2890 304 2938 oap.
330 2877 376 2922 2.
400 2875 464 2923 de
487 2877 698 2925 secundis
739 2879 953 2942 Nuptiis.
1025 2879 1170 2929 Ratio
1207 2892 1280 2929 est
1320 2879 1439 2945 quia
1462 2878 1632 2927 matri-²

198 2941 410 2992 monium
437 2951 511 2992 est
533 2941 881 2997 indissolubile.

810 3011 853 3059 E
873 3027 903 3060 e
929 3015 959 3061 3
1342 3012 1626 3063 Notandum
1653 3056 1655 3059 ,
