1846 3250
681 189 773 237 DE
811 186 1103 238 ORDINE.
1536 191 1598 235 33

572 393 808 443 CAPUT
852 392 1233 447 QUARTUM.

349 537 430 584 De*
451 532 642 581 ›tzateria
670 538 715 579 et
727 532 898 595 firma
929 531 1071 577 Sacra
1077 528 1217 577 menti
1244 529 1436 579 Ordinis
1456 506 1459 509 Δ

263 674 516 726 QUAEsTm
541 676 731 718 nonest
757 683 816 715 eo
841 666 936 713 loci
961 665 1022 712 de
1041 664 1244 713 materia
1268 675 1317 713 et
1340 665 1495 713 forma
1519 665 1613 713 sin-

196 741 420 804 gulorum
441 737 697 799 Ordinum‚
723 735 784 783 de
805 734 980 799 quibus
1003 734 1052 780 in
1076 733 1292 782 secunda
1310 744 1447 797 parte
1472 734 1615 797 hujus

196 808 371 872 Operis
396 806 711 872 opportunior
730 804 821 852 erit
845 801 1040 850 dicendi
1065 802 1233 859 locus;
1266 802 1354 850 sed
1374 802 1435 849 de
1461 812 1614 851 mate-

175 878 266 925 ·ria
289 886 340 924 et
374 876 530 923 forma
558 872 849 923 Sacramenti
885 870 1102 923 Ordinis,
1138 887 1226 918 seu
1266 881 1506 934 quatenus
1531 872 1615 919 tri-

179 947 287 993 ,bus
320 942 623 993 solummodo
661 938 895 1004 competit
932 938 1197 987 Ordinibus
1221 938 1551 997 hierarchicis,
1587 956 1617 987 a

198 1013 392 1063 Christo
416 1009 663 1067 institutis,
700 1008 922 1056 nimirum
948 1007 1266 1072 episcopatui,
1296 1008 1617 1073 praesbytera-

198 1081 267 1129 tui
294 1090 349 1129 et*
368 1079 662 1128 diaconatui.
921 1118 923 1120 ,
1093 1123 1096 1126 ,

186 1179 189 1186 ‹
263 1148 535 1197 Praesertim
550 1162 667 1195 vero
685 1145 959 1209 disputatur
975 1143 1036 1191 de
1056 1160 1285 1193 manuum
1304 1143 1615 1208 impositione

198 1227 248 1266 et.
287 1217 716 1265 instrumentorum
753 1211 1081 1278 porrectione,
1117 1229 1211 1262 nec
1246 1228 1342 1260 non
1368 1213 1617 1261 deverbis

182 1302 307 1350 quae
338 1285 527 1333 Ritibus
552 1283 643 1330 illis
669 1281 1071 1345 correspondent.

269 1353 432 1402 Prima
450 1351 690 1401 sententia
709 1349 1025 1415 quorumdam
1046 1359 1120 1398 est
1140 1350 1548 1398 maleferiatorum
1570 1349 1619 1401 in

199 1423 321 1471 Jure
365 1421 600 1468 canonico
643 1418 921 1474 Dictorum,
966 1418 1049 1480 qui
1089 1417 1457 1465 ordinationem
1499 1416 1619 1464 nulli

198 1490 300 1536 fixo
329 1489 463 1536 Ritui
488 1487 700 1548 nullique
725 1487 981 1533 verborum
1006 1484 1227 1533 formulae
1260 1485 1506 1548 alligatam
1533 1501 1621 1533 ex-

200 1557 484 1611 istimantes,
511 1554 820 1603 crediderunt
845 1554 1141 1616 Episcopum
1163 1554 1240 1601 vel
1261 1554 1621 1618 Praesbyterum

203 1626 316 1673 solis
353 1625 453 1672 istis
490 1639 630 1688 posse
666 1622 769 1669 fieri
820 1622 959 1684 Papae
995 1622 1167 1679 verbis,
1216 1629 1311 1670 esto
1347 1622 1619 1687 Episcopus,

203 1702 297 1741 esto
316 1693 602 1756 Proesbyter.
652 1690 799 1737 Error
819 1691 909 1737 iste
934 1690 1127 1737 abunde
1153 1690 1433 1738 confutatus
1458 1700 1622 1738 manet

203 1779 266 1809 ex
294 1761 527 1809 Tractatu
566 1760 627 1807 de
657 1759 980 1806 Sacramentis
1018 1757 1066 1804 in
1104 1774 1302 1821 genere,
1340 1757 1423 1805 ubi
1459 1767 1621 1806 osten-

202 1830 358 1877 dimus
386 1830 700 1877 Sacramenta
725 1825 885 1873 omnia
908 1825 1076 1888 perfici
1101 1827 1246 1875 rebus
1270 1836 1496 1888 tanquam
1522 1842 1622 1875 ma-

204 1898 341 1954 teria,
378 1907 426 1945 et
451 1896 860 1956 verbis-tanquam
885 1894 1055 1941 forma.

276 1964 498 2013 Secunda
545 1965 786 2012 sententia
843 1978 1007 2010 eorum
1067 1971 1140 2010 est
1187 1963 1270 2026 qui
1316 1961 1621 2011 contendunt

207 2033 450 2082 Christum
489 2030 839 2084 Ordinationis,
885 2046 980 2078 non
1016 2045 1157 2078 secus
1192 2047 1251 2078 ac
1300 2031 1620 2094 quorumdam

205 2101 405 2148 aliorum
429 2100 869 2152 Sacramentorum,
895 2099 1143 2146 materiam
1171 2109 1218 2146 et
1242 2099 1445 2147 formam
1472 2116 1622 2163 gene-

206 2168 344 2216 ratim
370 2168 608 2215 duntaxat
632 2165 909 2224 instituisse,
939 2167 1171 2215 Ecclesiae
1190 2184 1306 2215 vero
1330 2177 1622 2231 potestatem

203 2236 379 2285 fecisse
401 2236 544 2283 Ritus
568 2235 629 2283 ad
648 2234 875 2282 effectum
900 2236 1297 2284 sacramentalem
1316 2235 1517 2284 idoneos
1535 2253 1626 2299 pro

153 2346 157 2347 ⁷
198 2304 386 2367 judicio
422 2321 511 2351 suo
543 2303 913 2351 determinandi.
984 2303 1061 2350 Ex
1086 2320 1183 2367 qua
1217 2303 1445 2368 opinione
1477 2304 1622 2353 facilc

192 2371 491 2436 intelligitur
532 2372 710 2419 variam
746 2371 886 2418 variis
923 2372 1223 2434 temporibus
1262 2388 1368 2421 esse
1406 2372 1654 2436 potuisse,

195 2440 445 2489 ‘Ordinum
474 2439 739 2494 materiam,
769 2438 1223 2503 impositionemque
1248 2456 1491 2497 manuum,
1516 2457 1622 2504 quae

209 2509 310 2556 sola
347 2508 476 2571 apud
520 2507 795 2556 Orientales
833 2508 1132 2564 observatur,
1169 2508 1231 2555 ad
1267 2509 1623 2556 consecrandos

192 2601 194 2604 ·
218 2576 507 2624 Sacerdotes
532 2575 660 2639 apud
688 2575 882 2623 eosdem
909 2575 1158 2632 sufficere;
1193 2575 1622 2625 instrumentorum

210 2660 326 2690 vero
367 2644 723 2707 porrectionem
759 2643 891 2707 apud
925 2643 1127 2692 Latinos
1164 2659 1391 2692 manuum
1428 2643 1623 2708 imposi-

212 2710 326 2757 tioni
364 2711 636 2759 necessario
661 2728 768 2762 esse
791 2711 1167 2774 adjtmgendam.
1222 2713 1348 2761 Cum
1372 2712 1499 2761 enim
1528 2713 1623 2760 Ee·
1658 2751 1661 2753 .

213 2778 360 2825 clesia
382 2779 428 2825 in
454 2795 513 2826 ea
547 2779 771 2842 opinione
798 2780 1220 2828 sacramentorum
1256 2781 1503 2832 materiam
1538 2780 1624 2829 de-

217 2845 502 2893 terminandi
536 2856 823 2910 potestatem
861 2847 1053 2906 habeat,
1089 2848 1244 2911 potuit
1271 2849 1495 2897 Ecclesia
1529 2849 1622 2896 ori-

216 2912 385 2960 entalis
427 2913 489 2962 de
536 2930 775 2963 consensu
818 2915 1055 2964 Ecclesiae
1094 2916 1270 2973 latinae,
1324 2927 1374 2964 et
1415 2915 1623 2967 vicissim

201 2981 440 3030 Ecclesia
476 2981 642 3040 latina,
676 2993 858 3033 certam
886 2985 1134 3033 materiam
1160 2983 1250 3034 sibi
1273 2983 1474 3049 eligere.
1526 2984 1623 3034 Ve-

1516 3069 1622 3104 rum
