1846 3250
658 153 757 204 DE
789 153 1108 203 ORDINE<
1483 157 1587 204 181⁹

173 293 403 359 temporis
428 289 696 356 E‘piscopos
721 306 749 338 a
773 290 1088 356 Praesbyteris
1122 289 1272 338 fuisse
1311 287 1581 338 distinctos.

174 364 249 413 4⁰·
273 362 415 410 Illum
447 359 592 408 Bedae
630 359 791 406 locum
817 374 876 405 eo
901 376 1046 407 sensu
1075 357 1446 422 intelligendum
1471 374 1580 409 esse

173 430 309 498 quod
355 427 585 504 Episcopi
627 443 655 475 e
689 425 887 488 gremio
930 427 1288 474 Monachorum
1329 426 1579 489 assumpti,

172 507 320 563 prout
342 495 492 545 olim
480 512 529 542 m
555 494 716 542 multis
737 494 1047 543 Monasteriis
1069 511 1176 541 mos
1202 493 1370 557 viguit,
1399 495 1584 542 Abbati

172 566 528 628 subjicerentur
545 573 775 627 quantum
801 561 862 609 ad
884 563 1148 609 monastica
1166 561 1387 611 instituta
1402 573 1451 611 et
1477 579 1594 612 σεῖο,

175 644 276 683 tum
319 649 418 681 suae
459 632 711 697 potestatis
752 629 1038 678 exercendae
1084 630 1300 689 modum,
1335 647 1433 677 non
1464 647 1580 679 vero

174 714 409 765 quantum
449 700 513 749 ad
553 698 771 747 ordinem
820 709 869 746 et
915 708 1224 762 potestatem.
1314 699 1415 747 Cur
1455 698 1582 747 enim

177 770 449 834 Epist-opos
492 767 645 817 creari
686 766 825 814 novi
838 767 1017 833 gradus
1053 764 1343 829 acceptione
1382 769 1595 816 curabat·

180 839 432 895 Columba,
463 836 552 885 nisi
579 846 632 883 ut
655 834 687 881 ii
712 835 930 895 facerent
948 851 1057 899 quae
1076 832 1179 898 ipse
1203 835 1411 899 simplex
1432 835 1585 883 Praes-
1592 835 1595 837 “

174 907 317 972 byter
343 921 489 969 agere
516 920 611 952 non
638 904 869 968 poterat?

251 973 355 1038 Obj.
379 974 493 1021 14⁰·
533 971 806 1021 Concilium
829 971 1125 1036 Hispalense
1149 987 1227 1018 an.
1244 973 1369 1020 619.
1406 987 1513 1034 cap.
1535 974 1582 1023 7.

173 1041 243 1090 sic
262 1041 437 1089 habet.
480 1031 710 1100 Quamvis
732 1057 839 1094 cnm
854 1036 1109 1103 Episcopis
1123 1040 1346 1103 plurima
1356 1038 1586 1104 Praesby-

175 1112 287 1157 teris
304 1111 673 1157 ministerzorum
690 1109 950 1155 eommunis
966 1110 1030 1155 sit
1044 1109 1345 1171 dispensatio,
1366 1110 1587 1171 quoedam

174 1186 330 1226 tamen
369 1176 565 1225 novellas
589 1184 649 1223 et
680 1166 999 1234 ecelesiasticis
1021 1175 1200 1238 reyulis
1222 1176 1314 1231 szbz·
1337 1176 1602 1239 prohibita·

134 1302 137 1312 Δ
174 1247 406 1299 noverint,
454 1246 599 1292 sicut
619 1243 1031 1308 Praesbyterorum
1075 1252 1119 1292 et
1164 1244 1499 1295 Diaconorum
1545 1252 1589 1292 et

189 1313 441 1376 Viryz‘num
481 1314 781 1360 consecratio.
866 1313 998 1376 Ergo
1039 1329 1127 1375 per
1157 1314 1298 1367 solas
1345 1313 1587 1365 Ecclesiae

179 1382 346 1444 Leges
371 1380 616 1444 prohibita
640 1391 715 1428 est
739 1380 1054 1445 Praesbyteris
1081 1380 1365 1430 Ordinatio.

245 1419 310 1497 R.
351 1448 622 1498 Concilium
663 1448 792 1496 istud
834 1465 921 1512 per
945 1448 1159 1499 novellas
1194 1448 1387 1525 regulas
1411 1449 1590 1497 intelli-

179 1533 297 1579 gere
321 1516 544 1580 regulas
532 1533 580 1563 m
590 1532 725 1578 nova
742 1516 920 1574 Christi
944 1514 1082 1578 Lege
1107 1517 1333 1571 sancitas,
1358 1533 1453 1565 non
1474 1532 1589 1566 vero

178 1586 344 1648 Leges
369 1584 725 1633 ecclesiasticas
750 1600 779 1636 a
804 1584 977 1647 quibus
1000 1584 1065 1641 ibi
1091 1601 1118 1632 e
1144 1584 1387 1632 contrario
1424 1583 1591 1632 distin-

178 1663 410 1716 guuntur,
446 1664 500 1700 ut
525 1661 664 1716 patet
689 1668 751 1699 ex
777 1652 881 1715 ipso
909 1662 1067 1700 textu.
1137 1650 1349 1707 Hincssin.
1376 1652 1469 1706 alia
1495 1653 1590 1702 Ca-

177 1721 315 1770 nonis
341 1721 559 1784 ejusdem
580 1719 801 1768 versione
826 1720 896 1768 sic
920 1720 1127 1782 legitur:
1175 1721 1409 1776 Quaedam
1432 1730 1591 1769 tamen

181 1792 460 1850 auctoritate
498 1791 665 1835 veteris
701 1787 859 1849 Leqis,
909 1789 1134 1852 quaedam
1170 1789 1367 1841 novellis
1405 1790 1587 1851 reyulis

180 1857 271 1905 sibi
292 1857 540 1921 prohibita
563 1858 793 1903 noverint.

239 1925 369 1972 Inst.
397 1925 583 1972 Eodem
605 1924 750 1982 modo
766 1924 982 1987 loquitur
1000 1923 1270 1981 Concilium
1293 1924 1587 1989 Hispalense

181 1993 243 2039 de
271 1983 668 2040 ordinationibus
706 1991 852 2038 sacris
877 2007 935 2039 ac
965 1991 1026 2039 de
1047 1992 1299 2053 Virginum
1335 2010 1598 2043 consecra-·

181 2060 341 2120 tione:
351 2060 541 2123 atqui,
578 2059 841 2107 fatentibus
868 2060 1105 2116 omnibus,
1133 2061 1387 2124 Virginum
1414 2079 1586 2115 conse·

184 2129 333 2176 oratio
363 2127 475 2191 jure
511 2126 854 2185 ecclesiastico¹
889 2138 1075 2176 tantum
1102 2130 1327 2193 vpertinet
1359 2131 1421 2178 ad
1448 2131 1590 2196 Epis-

185 2211 358 2260 copos;
398 2197 546 2259 Ergo,
573 2199 662 2244 &c.

250 2265 310 2313 R.
333 2265 441 2311 dist.
476 2264 718 2327 Loquitur
736 2263 906 2312 eodem
934 2264 1094 2320 modo,
1121 2265 1170 2312 id
1191 2274 1280 2322 est,
1308 2283 1402 2314 una
1421 2275 1588 2317 textus

180 2333 320 2388 serie,
346 2349 471 2379 conc.
497 2332 667 2379 eodem
694 2348 855 2389 sensu,
880 2349 983 2393 neq.
1022 2333 1258 2381 Nimirum
1286 2352 1394 2382 cum
1418 2336 1589 2385 Patres

183 2400 498 2464 Hispalenses
516 2399 754 2457 dixissent
773 2400 988 2464 quaedam
1015 2403 1232 2459 novellis,
1261 2404 1479 2465 quaedam
1508 2420 1588 2453 ec-

182 2467 463 2518 clesiasticis
485 2469 667 2532 regulis
691 2485 796 2516 esse
820 2468 1163 2516 Sacerdotibus
1189 2471 1445 2534 prohibita,
1473 2488 1589 2520 con·

183 2552 354 2597 gruum
381 2547 484 2583 erat
510 2547 561 2583 ut
586 2537 812 2599 exempla
838 2536 1088 2599 utriusque
1113 2538 1304 2599 generis
1334 2540 1588 2589 referrent.

187 2603 319 2651 Hinc
354 2614 609 2656 recensent
640 2605 988 2653 Ordinationes
1023 2606 1069 2650 in
1104 2608 1383 2669 exemplum
1421 2625 1589 2657 eorum

187 2687 294 2735 quae
318 2671 428 2726 novi
461 2671 762 2737 Testamenti
785 2672 965 2735 regulis
990 2674 1229 2736 prohibita
1253 2686 1399 2731 sunt,⁴
1420 2689 1600 2726 conse-'

186 2739 425 2787 crationes
450 2751 609 2788 autem
631 2740 884 2802 Virginum
910 2741 1262 2800 inexemplum
1290 2760 1455 2793 eorum
1482 2762 1588 2807 quae

185 2807 402 2869 Legibus
420 2807 766 2857 ecclesiasticis
792 2808 942 2857 vetita
965 2819 1092 2857 sunt

257 2873 488 2928 Quaedam
513 2876 607 2923 alia
630 2876 770 2937 objici
795 2878 969 2934 solent
996 2878 1082 2925 sed
1102 2895 1209 2942 quae
1233 2878 1478 2936 diluimus,
1506 2880 1588 2928 ubi

187 2941 249 2993 de
284 2958 559 2994 sacrorum
585 2943 822 3005 Ordinum
874 2945 1122 2995 Ministro
1139 2946 1364 3003 diximus,
1415 2948 1488 2995 vel
1539 2948 1589 2996 in

1351 3015 1587 3065 Tractatu
