1846 3250
244 212 340 260 142
747 206 1176 260 TRACTATUS

233 347 315 393 sed
347 354 396 393 ut
426 346 527 394 Deo
554 344 749 407 fidelem
789 343 958 396 cultum
971 354 1209 412 proestent,
1245 346 1328 395 hoc
1367 346 1471 394 υἱέα]
1501 364 1664 411 gentes

230 413 434 478 elegisse.

293 479 657 545 Hin010·qui
695 482 964 529 Tonsuram
1008 481 1283 529 clericalem
1327 481 1536 545 capessit
1580 500 1639 533 eu

225 547 320 595 fine
347 557 533 597 tantum
573 559 625 597 ut
652 549 952 597 Beneficium
995 550 1255 613 possideat,
1292 550 1461 614 sicque
1497 551 1644 598 affec·

224 625 304 663 tus
330 627 402 664 est
428 626 480 664 ut
504 632 748 681 nunquam
772 617 889 665 velit
912 617 973 665 ad
1000 622 1205 679 majores
1231 618 1440 665 Ordines
1477 634 1645 666 ascen-

226 684 362 740 dere,
399 683 488 731 nisi
526 684 654 732 forte
695 695 901 733 excuset
943 702 1053 733 eum
1102 686 1230 733 bona
1270 695 1450 733 tenerae
1487 686 1641 734 aetatis

224 752 362 806 fideS‚
400 752 667 801 mortaliter
703 763 897 817 peccat.
958 752 1104 800 Ratio
1139 762 1211 800 est
1255 754 1368 817 quia
1409 770 1461 801 re
1496 771 1634 803 sacra

223 820 455 877 abutitur,
492 820 819 884 episcopalem
861 821 1253 869 benedictionem
1295 822 1356 869 ad
1390 821 1641 884 profanam

220 888 532 936 ambitionem
556 890 808 945 convertit,
833 889 1070 937 Ecclesiae
1094 890 1488 952 expectationem
1517 892 1639 938 frus-

223 966 334 1012 trat,
374 956 726 1004 Professionem
754 956 1013 1005 clericatus
1056 967 1241 1004 temere
1266 959 1543 1014 ementitur,
1579 974 1641 1006 ac

222 1028 325 1084 ejus
349 1026 714 1087 praerogat-ivam
743 1025 916 1087 injuste
960 1041 1018 1072 ac
1058 1025 1396 1072 fraudulenter
1421 1036 1637 1088 usurpat.

218 1092 300 1139 lta
340 1092 549 1151 Rannes,
588 1093 848 1150 Nax-arms,
887 1093 1152 1150 Hallerius,
1201 1093 1420 1141 Conetus
1467 1105 1664 1145 contra*

223 1158 484 1208 Sanchem,

288 1230 367 1273 20·
407 1228 587 1292 Peccat
624 1245 819 1292 quoque
844 1228 1089 1279 lethaliter
1117 1228 1199 1291 qui
1227 1229 1498 1278 Tonsuram
1535 1245 1637 1276 sus-

222 1295 337 1359 cipit
364 1297 467 1343 solo
505 1293 666 1345 animo
691 1297 966 1344 declinandi
997 1295 1390 1359 jurisdictionem
1431 1296 1521 1343 fori
1560 1313 1641 1343 επ·

219 1363 407 1420 calaris,
446 1374 646 1427 propter
675 1364 869 1412 easdem
900 1364 1127 1412 rationes.

286 1432 359 1477 39·
421 1431 620 1481 Peccati
675 1449 869 1497 quoque
931 1432 1148 1479 mortalis
1197 1448 1333 1480 reum
1386 1431 1632 1479 Hallerius

208 1499 401 1561 judicat
424 1516 536 1548 eum
562 1500 642 1564 qui
667 1501 858 1563 peccati
885 1500 1074 1548 lethalis
1111 1500 1334 1548 conscius
1364 1499 1630 1557 Tonsuram

216 1567 447 1630 suscipit:
490 1569 615 1623 Qnia
651 1567 823 1631 inquit,
860 1569 1060 1632 injurius
1084 1576 1151 1616 est
1174 1568 1223 1615 in
1247 1569 1405 1616 Deum
1430 1576 1472 1616 et
1496 1567 1651 1619 deria

214 1634 307 1682 cali
346 1635 518 1682 Ordz'v‘zi
561 1634 923 1691 contumeliosus,
967 1636 1047 1699 qui
1092 1636 1384 1700 impoenitens
1434 1635 1629 1683 Clerico·

216 1720 317 1749 rum
364 1702 578 1768 catalogo
623 1703 814 1751 inscribi
857 1719 904 1750 se
942 1711 1170 1767 procurat
1173 1736 1274 1752 ......
1280 1701 1389 1750 Deo
1446 1704 1629 1767 quidem

214 1770 441 1834 injuriam
465 1771 611 1834 infert
650 1770 732 1832 qui
768 1768 895 1818 nulla
933 1771 982 1817 in
1019 1772 1172 1818 Deum
1201 1770 1490 1833 praecedente
1525 1788 1632 1818 con-

215 1838 437 1894 versione,
473 1842 573 1904 qj'us
595 1855 642 1886 se
657 1837 927 1901 fimulatzci
970 1837 1490 1886 consecrat......0rdini
1525 1854 1630 1885 vero

215 1905 433 1962 clericali,
468 1906 724 1970 cvjusfinis
747 1905 807 1952 sit
830 1906 896 1952 ad
919 1906 1068 1953 Deum
1088 1905 1328 1952 adducere.
1383 1904 1625 1950 Addimus

210 1974 437 2022 fallacem
487 1989 592 2022 esse
633 1977 736 2034 ejus
779 1972 1152 2028 Professionem‚
1198 1972 1330 2036 quod
1369 1972 1528 2018 Deum
1579 1971 1626 2016 in

214 2053 392 2088 sortem
436 2042 600 2103 eligat,
639 2057 748 2088 cum
788 2041 850 2089 sit
890 2058 918 2088 a
969 2041 1077 2088 Deo
1124 2055 1335 2088 aversuS.
1408 2038 1627 2087 Hallerio

214 2109 535 2171 adstipulatur
585 2108 771 2156 Natalis
825 2108 1124 2156 Alexander.
1205 2109 1423 2157 censent
1464 2118 1661 2155 tamen.

214 2177 379 2239 plures
418 2176 495 2223 alii
525 2188 783 2239 peccatum
810 2175 939 2223 istud
975 2191 1072 2221 non
1110 2190 1215 2224 esse
1240 2175 1460 2230 mortale,
1489 2174 1625 2236 Quod

213 2244 545 2306 relinquimus,
611 2260 722 2290 cum
789 2243 1030 2296 Habert0‚
1088 2242 1196 2291 alii-s
1242 2242 1625 2304 prudentioribus

211 2312 554 2373 definiendum.
604 2311 717 2358 Hoc
745 2326 891 2357 unum
916 2309 1096 2357 addere
1128 2309 1349 2365 sufficiat,
1375 2309 1514 2356 aliter
1544 2314 1626 2369 ju·

213 2380 472 2427 dicandum
516 2393 621 2427 essa
660 2378 722 2427 de
765 2378 987 2425 Tonsura
1033 2376 1246 2424 clericali
1304 2392 1363 2423 ac
1410 2375 1472 2423 de
1519 2375 1622 2424 aliis

213 2447 660 2503 sacramentalibus,
683 2464 727 2493 v.
749 2462 798 2508 g.
832 2461 970 2511 aqua
992 2443 1194 2499 lustrali,
1216 2459 1324 2506 quae
1356 2442 1621 2491 fatentibus

215 2516 435 2562 omnibus
485 2515 669 2563 Gratiae
712 2524 892 2563 statum
934 2513 982 2560 in
1034 2510 1329 2575 suscipiente
1375 2527 1474 2558 non
1521 2511 1623 2559 exi-

210 2592 349 2645 gunt,
385 2583 433 2628 in
471 2583 671 2629 istorum
713 2581 840 2629 enim
884 2597 970 2628 usu
1011 2595 1107 2626 non
1141 2579 1448 2643 reperiuntur
1483 2579 1622 2626 dolus

210 2665 269 2697 ae
308 2649 502 2697 fallacia
553 2667 657 2710 quae
703 2650 752 2696 in
812 2648 1008 2712 indigna
1058 2647 1289 2695 Tonsurae
1336 2647 1628 2711 receptione

213 2727 526 2765 c-oncurrunt

281 2785 355 2835 7⁰·
393 2784 488 2837 Qui
515 2783 736 2830 Tonsura
758 2791 868 2831 sunt
903 2780 1132 2844 insigniti,
1171 2779 1342 2829 ordini
1368 2781 1621 2831 ecclesias·

207 2852 307 2900 tico
332 2859 654 2901 accensentur
676 2860 727 2898 et
752 2848 882 2897 Cleri
909 2849 1170 2913 privilegiis
1200 2850 1434 2912 gaudent,
1468 2849 1618 2913 idque

215 2921 489 2983 Episcopus
528 2918 575 2964 in
617 2918 722 2981 ipso
753 2915 1083 2965 ordinationis
1116 2927 1231 2973 actu
1266 2917 1499 2975 declarat,
1536 2930 1618 2963 eo·

211 2989 284 3036 sie
302 2988 582 3053 alloquens.
623 2985 779 3035 Hodie
798 2985 983 3049 deforo
1007 2983 1228 3035 Ecclesiae
1245 2985 1381 3048 ficti
1402 2985 1527 3096 estisl,
1558 2989 1618 3046 :et

1371 3067 1496 3116 prwz
1516 3049 1618 3114 egia
