1846 3250
277 167 372 213 158
780 161 1207 212 TRACTATUS

275 308 450 354 tutum,
486 313 514 345 a
560 313 657 362 quo
704 313 948 371 nunquam
994 297 1097 348 sine
1142 309 1347 365 urgente
1393 301 1681 350 necessitate

275 366 506 415 recedere
531 364 662 414 licet.

411 501 510 567 §3.
544 500 626 550 De
649 502 877 591 Ministro
911 510 955 552 et
992 502 1199 569 subjecto
1236 505 1550 572 Epzscopatus.

343 639 425 687 De
458 611 678 700 subjecto
714 637 1019 702 episcopatis,
1056 609 1181 689 sicut
1218 651 1266 689 et
1302 640 1502 689 aliorum
1540 640 1685 689 Ordi-

279 724 413 764 num,
449 716 564 755 satis
579 723 627 752 in
650 706 803 770 prima
825 717 963 770 parte
989 724 1095 771 cap.
1121 709 1167 759 7
1189 705 1416 757 diximus.

347 774 522 828 Quoad
549 774 845 835 Ministrum,
864 775 1331 826 demonstravimus'
1320 794 1368 824 in
1393 777 1562 826 eadem
1588 776 1685 839 pri-

279 859 360 891 ma
382 854 518 907 parte
543 858 649 906 cap.
672 846 720 890 6.
756 859 950 905 propos.
986 846 1031 890 2.
1066 844 1332 909 simplicem
1371 845 1685 894 Sacerdotem

281 911 558 959 nullatenus
581 927 724 974 posse
744 910 954 958 Ordines
979 910 1324 970 hierarchiCOS,
1361 929 1537 977 nempe
1562 912 1690 976 epis-

282 989 530 1056 copatum3
570 980 971 1042 praesbyteratum
1018 989 1067 1028 et
1115 980 1419 1029 diaconatum
1463 979 1688 1029 conferrI.

279 1048 437 1111 Igitur
457 1046 765 1110 episcopatus
790 1047 1071 1095 confexendi
1091 1060 1305 1111 potestas
1328 1049 1395 1097 ita
1412 1049 1524 1096 solis
1550 1048 1688 1110 Epis-

282 1116 418 1179 copis
443 1115 693 1179 competit,
731 1124 782 1162 ut
808 1115 940 1163 nulla
973 1116 1326 1179 dispensatione
1350 1116 1412 1165 ad
1446 1116 1690 1179 simpiices

283 1184 614 1248 Praesbyteros
638 1193 766 1231 trans
747 1182 884 1231 ferri
909 1183 1075 1247 possit.

353 1251 452 1299 Hic
478 1262 640 1300 autem
660 1255 987 1299 controversm
1000 1260 1221 1299 movetur
1245 1252 1306 1301 de
1331 1267 1531 1300 numero
1554 1249 1692 1315 Epis-

284 1336 516 1385 coporum
541 1318 772 1384 requisito
798 1330 851 1366 ut
873 1319 1044 1383 aliquis
1065 1319 1338 1384 Episcopus
1363 1329 1690 1368 consecretur.

285 1390 456 1437 Plures
498 1387 610 1435 olim
640 1386 909 1451 Episcopos
950 1387 1155 1452 alicujus
1180 1386 1412 1457 Episcopi
1438 1401 1692 1436 consecra-

283 1458 465 1506 tionem
483 1454 630 1504 fuisse
647 1455 903 1513 adhibitos,
924 1466 1113 1504 constat
1127 1453 1257 1520 apud
1273 1471 1454 1504 omnes.
1491 1455 1692 1520 Episco-

283 1543 392 1589 pus,
416 1524 571 1587 inquit
594 1525 785 1571 Auctor
811 1524 1018 1572 Constit.
1068 1525 1294 1587 Apostol.
1344 1541 1371 1572 a
1398 1524 1587 1572 duobus
1610 1524 1689 1570 vel

283 1594 436 1641 tribus
462 1591 717 1655 Episcopis
742 1591 1006 1639 ordinetur.
1043 1624 1046 1627 -
1077 1593 1198 1640 Tres
1228 1593 1290 1640 ad
1325 1591 1560 1654 ejusmodi
1597 1590 1692 1638 Or-

285 1661 577 1709 dinatiouem
620 1659 825 1721 exigunt
865 1659 996 1706 varia
1037 1660 1271 1717 Concilia,
1308 1661 1596 1708 Arelatense
1650 1660 1690 1706 1.

286 1729 540 1777 Nicaenum
570 1729 614 1773 1.
640 1726 884 1789 Carthag.
876 1728 942 1773 ·.2
969 1727 1156 1774 Arelat.
1178 1730 1224 1774 2.
1249 1738 1297 1775 et
1324 1728 1415 1775 alia
1439 1727 1690 1794 permulta.

286 1797 421 1845 Hinc
443 1796 659 1843 fatentur
694 1809 859 1842 omnes
895 1794 1110 1842 illicitam
1147 1811 1278 1843 esse
1291 1795 1520 1858 Episcopi
1549 1794 1692 1841 ordi

284 1864 529 1914 nationem
568 1879 675 1927 quae
710 1864 800 1910 ab
814 1877 910 1910 uno
947 1862 1193 1926 Episcopo
1226 1863 1382 1920 fieret,
1418 1863 1532 1926 quia
1565 1871 1694 1909 esset

285 1943 456 1983 eontra
480 1939 783 1980 constantem
810 1946 868 1978 ac
916 1940 1199 1994 perpetuam
1228 1930 1464 1979 Ecclesiae
1489 1930 1692 1993 Legem.

286 2004 393 2050 Imo
419 1999 758 2054 Bellarminus,
778 1998 1108 2063 ÷Vasquesiu8,
1134 1999 1378 2048 Habertus
1402 2009 1451 2046 et
1476 1997 1552 2045 alii
1580 2012 1694 2044 con·

285 2069 494 2119 tendunt
535 2068 717 2115 nullam
764 2082 870 2115 esse
912 2083 1107 2130 prorsus
1140 2066 1267 2115 illam
1307 2065 1693 2120 ordinationem,

287 2136 502 2202 quamvis
518 2141 664 2197 juxta
682 2150 765 2181 eos
783 2151 844 2182 ex
866 2134 1226 2211 dispensatione
1250 2134 1435 2183 summi
1447 2132 1696 2180 Pontificis

284 2204 443 2254 valida
466 2219 525 2250 ac
549 2214 653 2250 rata
676 2201 780 2249 fieri
800 2202 967 2266 possit.
1037 2203 1311 2250 Paludanus
1330 2217 1461 2258 vero,
1500 2201 1694 2247 Haller-

285 2275 378 2330 ius,
415 2270 649 2319 Vitassius
698 2280 747 2316 et
794 2269 872 2317 aiii
919 2269 1156 2315 innumeri
1204 2269 1505 2317 contendunt
1548 2283 1693 2314 unum

285 2341 585 2405 Episcopum
621 2337 683 2385 ad
720 2336 955 2399 ejusmodi
999 2337 1415 2397 consecrationem
1455 2334 1691 2382 sufficere.

288 2409 588 2464 Quibuscum
615 2406 690 2454 sit.

774 2539 1215 2588 PROPOSITIO.

306 2712 307 2715 η
347 2677 478 2725 Valet
506 2676 734 2740 Episcopi*
756 2674 1035 2724 consecratio
1070 2673 1126 2721 ab
1149 2691 1239 2722 uno
1263 2675 1488 2740 Episcopo
1499 2679 1660 2737 jacta.

348 2804 501 2862 ‘Proh
540 2809 588 2858 Si
625 2826 745 2857 unus
773 2810 1044 2872 Episcopus
1069 2809 1130 2855 ad
1171 2809 1315 2857 alium
1341 2808 1497 2856 valide
1529 2822 1694 2855 conse-

290 2880 518 2930 crandum
546 2894 640 2924 non
660 2878 916 2933 sufficeret,
942 2886 1045 2924 rata
1068 2877 1232 2925 haberi
1258 2894 1351 2925 non
1369 2887 1531 2940 posset
1549 2873 1696 2922 Ordi-

286 2946 522 2999 nationisi
541 2946 791 3010 apim-ibus
815 2953 941 2993 esset
958 2944 1109 2993 facta:
1135 2946 1265 3007 atqui
1281 2946 1536 2993 multorum
1557 2940 1692 3003 Epis-

1456 3024 1689 3072 coporum
