1846 3250
586 148 684 196 DE
722 147 1222 198 MATRIMONIO.
1515 148 1615 203 325

191 281 348 347 liquit,
386 291 438 329 ut
463 281 729 330 declaravit
770 284 885 330 Pius
909 284 971 330 V.
1010 281 1056 328 in
1093 280 1236 328 Bulla
1272 295 1347 328 an.
1379 280 1523 327 1568.
1558 280 1626 327 ad

193 350 471 398 Romanam.
565 349 699 396 Hinc
735 349 774 396 si
826 352 1043 397 Joannes
1093 347 1450 395 matrimonium
1496 351 1622 394 'con-

193 417 343 463 traxit
368 419 479 463 eum
508 416 707 472 Bertha‚
736 432 891 479 eaque
917 428 1107 463 mortua
1131 416 1191 463 sit
1215 415 1288 462 vel
1310 413 1620 477 Religionem
1676 465 1679 468 .
1751 406 1775 410 ¹*

194 493 307 530 ante
336 483 636 536 matrimonii
677 483 1144 531 consummationem
1188 482 1410 544 amplexa
1456 481 1621 537 fuerit,

193 551 429 608 Joannes..
461 566 558 597 non
611 550 792 613 poterit
842 550 1024 597 ducere
1076 550 1271 597 Berthae
1331 548 1622 611 consangui-
1688 593 1692 598 .

193 614 522 680 nearn'usque
559 618 620 665 ad
675 629 899 680 quartum
960 617 1163 679 gradum
1219 617 1359 663 lineae
1412 615 1513 663 sive
1549 615 1622 662 di-

192 685 357 740 rectae,
394 685 494 731 sive
532 684 856 740 collateralis;
890 684 1036 746 idque
1073 700 1238 731 verum
1278 694 1350 730 est
1387 700 1476 747 pro
1505 700 1621 730 con-

191 752 469 814 sanguineis
495 762 596 800 tum
635 752 898 815 illegitimis
943 764 1044 799 tum
1088 750 1332 813 legitimis,
1368 751 1480 814 quia
1506 755 1620 811 Jure
1666 792 1675 797 ,

192 819 469 870 nullatenus
521 819 899 882 distinguuntur.
994 818 1093 867 Sed
1135 819 1297 865 locum
1337 834 1434 864 non
1471 818 1619 865 habet

186 887 324 933 -istud
362 886 762 948 impedimentum
805 895 1034 949 respectu
1073 886 1301 942 affinium,
1341 886 1402 933 de
1446 885 1620 948 quibus

192 969 388 1015 prorsus
412 954 556 1001 silent
583 955 820 1009 Ecclesiae
846 956 1088 1003 Canones.

267 1020 461 1077 Quaeres
486 1021 562 1067 4⁰·
588 1030 747 1068 utrum
785 1036 849 1075 ex
886 1019 1192 1068 matrimonio
1228 1028 1333 1066 rato
1370 1035 1466 1065 non
1501 1035 1618 1066 con-

151 1118 158 1139 ;
191 1096 447 1143 summam,
502 1088 589 1136 sed
641 1087 871 1146 invalido,
932 1097 1162 1136 nascatur
1214 1085 1620 1150 impedimentum

187 1152 492 1202 honestatis?
1046 1191 1053 1196 »

226 1264 228 1266 μ
261 1223 539 1283 Antequam
565 1223 938 1286 respondeatur,
977 1222 1245 1270 notandum
1273 1232 1346 1270 est
1373 1222 1619 1271 matrimo-

191 1287 322 1335 nium
350 1288 543 1351 aliquod
567 1307 709 1354 posse
742 1307 848 1338 esse
889 1301 1065 1347 ratum,
1101 1290 1152 1337 id.
1194 1298 1285 1345 est,
1316 1290 1620 1351 juxta-legi-

191 1372 294 1403 mas
317 1357 496 1404 formas
522 1367 846 1413 contractum,
886 1367 935 1405 et
978 1368 1141 1405 tamen
1171 1357 1452 1415 invalidum,
1486 1358 1621 1405 vide-

190 1422 307 1471 licet
333 1435 532 1489 propter
557 1424 755 1489 aliquod
780 1424 1180 1490 impedimentum
1208 1423 1453 1473 dirimens.
1524 1424 1619 1472 His

190 1502 373 1553 posms.
1422 1537 1427 1543 ,

261 1559 327 1606 R.
364 1575 427 1607 ex
466 1559 771 1608 matrimonio
807 1569 912 1607 rato
949 1576 1044 1607 non
1100 1560 1453 1616 consummato,
1502 1559 1623 1622 licet

192 1624 420 1683 invalido,
446 1627 578 1675 nasci
621 1626 889 1675 honestatis
926 1626 1343 1689 impedimentum.
1419 1628 1495 1675 lta
1532 1644 1620 1675 ex-

190 1709 356 1756 presse
391 1694 607 1742 sancitur
643 1710 751 1757 cap.
785 1710 931 1757 supra
965 1694 1164 1742 laudato
1203 1695 1261 1742 de
1300 1695 1617 1758 Sponsahbus,

141 1773 145 1777 ⁴
193 1760 271 1807 cui
297 1760 584 1809 'Concilium
628 1762 765 1825 Trid.
827 1762 945 1808 nihil
982 1761 1253 1824 derogavit,
1314 1778 1426 1809 cum
1462 1763 1619 1809 solum

189 1828 496 1891 abrogaverit
521 1829 922 1890 impedimentum
963 1846 1026 1876 ex
1067 1828 1371 1891 sponsalibus
1396 1828 1622 1877 invalidis

186 1896 368 1948 ortum,
395 1911 491 1942 non
528 1905 690 1942 autem
728 1895 848 1942 illud
887 1895 1016 1957 quod
1053 1912 1116 1943 ex
1154 1896 1459 1942 matrimonio
1489 1896 1621 1944 inva-

189 1961 290 2008 lido
315 1961 547 2009 nascitur.
637 1962 685 2009 Si
714 1972 876 2010 tamen
902 1962 1192 2009 matrimonii
1215 1962 1488 2011 invaliditas
1513 1974 1622 2012 orta

189 2027 251 2075 sit
277 2044 340 2075 ex
366 2027 566 2076 defectu
593 2044 873 2086 consensus,
918 2039 972 2076 ut
995 2029 1035 2076 si
1062 2029 1379 2077 contrahatur
1404 2046 1431 2077 a
1455 2031 1619 2093 pueris

190 2095 267 2141 vel
303 2096 593 2149 amentibus,
628 2097 704 2144 vel
743 2112 806 2144 ex
844 2111 1009 2143 errore
1060 2113 1297 2160 personae,
1351 2107 1470 2145 tunc
1520 2114 1619 2145 non

191 2162 386 2226 exurgit
413 2162 813 2225 impedimentum
833 2171 904 2211 ‘ex
942 2164 1245 2211 matrimonio
1270 2180 1366 2211 non
1394 2181 1621 2213 consum-

188 2239 337 2285 mate,
376 2239 427 2276 ut
454 2229 661 2277 habetur
688 2247 796 2294 cap.
821 2248 878 2279 ex
915 2229 1214 2296 Sponsalibus
1250 2231 1297 2277 in
1325 2235 1373 2279 6.
1468 2233 1617 2281 Ratio

190 2311 218 2342 a
253 2295 511 2359 priori2est
546 2296 658 2360 quia
694 2297 741 2343 in
779 2313 838 2345 eo
875 2314 991 2345 casu
1041 2299 1225 2344 nullum
1264 2300 1633 2348 est.matr'rmo--

187 2361 337 2410 nium.
412 2363 786 2422 Advertendum
804 2367 887 2412 lest
912 2375 1074 2412 tamen
1095 2365 1151 2410 in
1169 2365 1424 2419 sententia
1447 2381 1615 2414 eorum

189 2429 271 2492 qui
309 2430 614 2478 contendunt
648 2431 1006 2479 matrimonium
1041 2431 1314 2496 impuberis
1349 2433 1511 2481 valere
1562 2444 1618 2481 ut

190 2497 448 2559 sponsalia,
485 2497 597 2547 oriri
640 2514 704 2545 ex
747 2514 806 2546 eo
832 2498 1136 2545 matrimonio
1166 2500 1471 2547 honestatem
1498 2502 1645 2563 pub-·

191 2562 352 2618 licam,
387 2580 495 2626 quae
531 2565 746 2613 nascitur
781 2582 845 2613 ex
882 2566 1203 2630 sponsalibus,
1240 2566 1290 2613 id
1327 2577 1418 2621 est,
1461 2583 1618 2632 usque

192 2629 253 2677 ad
278 2630 485 2697 primum
514 2632 735 2694 gradum.

263 2697 452 2750 Quoeres
498 2703 563 2745 50·
600 2709 760 2760 utrum
797 2698 1198 2763 impedimentum
1246 2699 1515 2750 honestatis
1551 2718 1616 2750 ex
1646 2739 1652 2747 .

193 2763 497 2812 matrimonio
522 2766 826 2814 clandestino
851 2767 1111 2815 inducatur
1129 2767 1152 2814 ἶ)
1292 2768 1295 2770 ’

258 2830 324 2878 R.
377 2831 651 2894 qffirmative
683 2842 844 2882 contra
879 2835 1102 2897 quosdam
1151 2835 1232 2900 qui
1264 2834 1393 2884 istud
1424 2843 1613 2897 negant.

190 2896 337 2946 Ratio
375 2907 448 2946 est
484 2899 597 2963 quia
631 2900 912 2951 Bonifacius
958 2901 1103 2950 VIII.
1138 2902 1185 2949 in
1223 2918 1331 2966 cap.
1371 2919 1426 2949 ex
1464 2904 1611 2965 Spon-

1419 2967 1636 3029 salibus,⁵
