1846 3250
488 144 585 193 DE
624 143 1122 194 MATRIMONIO.
1453 146 1554 195 435

123 281 184 329 ab
210 279 438 329 Ecclesia
462 278 720 327 universali
744 278 974 339 sancitos,
1012 289 1061 328 et
1100 294 1164 327 ex
1202 276 1258 326 iis
1298 277 1555 332 nonnullos

125 348 189 397 de
214 348 490 412 polygamia
514 345 804 394 simultanea
827 362 935 395 esse
958 346 1319 410 intelligendos.
1363 348 1367 352 “

193 415 340 465 Dices
376 416 456 461 2²0·
496 412 546 460 S.
582 412 789 462 Basilius
845 414 1002 477 Epist.
1056 414 1118 462 ad
1156 412 1561 478 Amphilochium

126 498 235 530 can.
261 485 307 529 4.
344 482 416 530 sic
454 481 632 533 habet:
677 480 892 529 Uonones
929 482 1195 546 trigamiam
1233 500 1325 530 non
1362 480 1562 547 amplius

127 549 407 614 conjugium,
444 549 527 596 sed
544 546 858 614 polygamiam
882 548 1135 615 appellant,
1172 548 1244 598 vel
1277 549 1431 615 potius
1470 565 1563 598 mo·-

126 617 337 667 deratam
352 616 742 681 fornicationem.

200 684 545 747 Athenagoras
568 700 618 745 p.
643 685 723 734 37.
760 683 1001 733 secundas
1039 682 1233 748 nuptias
1259 692 1403 733 vocat
1433 685 1564 733 deco-

132 750 235 800 rum
259 750 558 811 adulterium.
636 751 786 813 Ergo,
813 756 901 799 ὅτε.

201 819 263 867 R.
288 819 395 866 dist.
431 819 496 865 Et
520 817 591 865 sic
615 818 878 880 loquuntur
915 818 984 865 illi
1012 820 1182 866 Patres
1207 836 1294 883 per
1319 820 1565 883 hyperbo-

131 885 229 941 lem
256 893 307 934 et
330 901 477 936 sensu
501 885 782 949 improprio,
818 903 942 934 conc.
984 902 1130 935 sensu
1155 887 1353 949 proprio
1378 902 1437 934 ac
1461 887 1567 935 sine

134 953 537 1016 exaggeratione,
563 970 667 1018 neg.
740 955 918 1016 Itaque
942 970 1052 1001 cum
1073 954 1305 1001 secundae
1330 969 1389 1002 ac
1414 954 1569 1001 multo

134 1022 288 1084 magis
333 1021 490 1068 tertiae
531 1029 583 1067 et
624 1020 878 1069 ulteriores
919 1021 1102 1084 nuptias
1143 1019 1434 1085 plerumque
1472 1021 1570 1069 sint

134 1086 346 1134 libidinis
370 1087 566 1144 indicia,
605 1096 655 1134 et.
693 1088 905 1135 animum
946 1088 1201 1135 redoleant
1243 1088 1570 1151 intemperan-

135 1164 252 1210 tem,
276 1154 401 1217 >ideo
426 1154 643 1202 nonnulli
665 1155 836 1205 Patres
861 1165 915 1202 ut
940 1157 1000 1202 ab
1026 1154 1118 1202 illis
1143 1155 1442 1213 deterreant,
1479 1155 1569 1202 im-

132 1221 326 1286 proprie
351 1232 400 1270 et
426 1238 513 1285 per
537 1222 858 1284 hyperbolem
895 1222 1185 1270 Oratoribus
1225 1223 1435 1278 solitam,
1485 1238 1568 1271 eas

131 1288 281 1337 'veluti
306 1288 652 1338 fornicationes
700 1300 749 1338 et
788 1290 1013 1337 adulterii
1055 1290 1271 1353 specie-m
1316 1290 1570 1339 exhibent.

134 1356 318 1405 Verum
339 1374 436 1404 non
462 1357 573 1404 ideo
599 1373 679 1405 eas
698 1358 831 1405 velut
858 1358 906 1404 in
933 1374 985 1406 se
1001 1359 1154 1406 >malas
1174 1368 1258 1405 aut
1277 1358 1386 1406 Juri
1404 1357 1570 1406 divino

137 1425 403 1480 contrarias
423 1425 619 1472 habent.
647 1425 797 1473 Hunc
815 1441 920 1473 esse
941 1427 990 1474 S.
1007 1425 1172 1473 Basilii
1191 1435 1240 1473 et
1259 1426 1463 1473 aliorum
1480 1427 1572 1474 Pa-

139 1500 266 1547 trum
293 1508 487 1540 sensum
508 1488 779 1540 ostenditur
806 1497 877 1539 10·
903 1494 1017 1557 quia
1036 1493 1231 1541 easdem
1254 1492 1448 1557 nuptias
1473 1510 1573 1541 non

138 1559 360 1607 absolute
379 1559 755 1608 fornicationem
780 1570 831 1613 et
850 1561 1141 1608 adulterium
1160 1562 1352 1618 vocant,
1369 1560 1575 1625 sedfir-

134 1627 412 1676 nicationem
437 1627 711 1692 castigatam
737 1637 781 1676 et
818 1627 1095 1676 adulterium
1129 1625 1396 1693 palliatum.
1490 1630 1571 1675 20³

140 1694 267 1752 Quia
293 1695 461 1743 nullibi
490 1695 546 1743 S.
568 1694 773 1755 Basilius
799 1704 883 1743 aut
909 1695 988 1742 alii
1022 1696 1193 1742 Patres
1232 1696 1461 1758 Bigamos
1487 1706 1573 1745 aut

138 1761 395 1824 Trigamos
421 1778 448 1824 a
472 1777 524 1809 se
548 1760 759 1810 invicem
785 1763 1078 1825 separandos
1104 1778 1210 1809 esse
1236 1763 1434 1820 docent,
1483 1764 1573 1812 sed

136 1844 223 1883 ,eos
248 1829 537 1891 poenitentia
554 1844 772 1893 congrua
797 1830 1021 1893 expiatos
1046 1830 1109 1877 ad
1133 1846 1320 1877 sacram
1343 1831 1576 1879 Commu-

139 1896 334 1959 nion'em
371 1896 633 1944 admittunt
656 1915 668 1945 :
720 1897 854 1961 atqui
914 1907 1078 1945 tamen
1121 1897 1160 1944 si
1197 1897 1438 1946 secundas
1487 1910 1574 1947 aut

138 1963 307 2021 tertias
332 1964 524 2028 nuptias
549 1980 712 2012 veram
731 1964 1103 2025 fornicationem
1129 1976 1212 2012 aut
1239 1981 1406 2013 verum
1433 1967 1573 2014 adul-

137 2028 312 2078 terium
351 2042 620 2095 putassent,
659 2042 772 2082 ante
811 2032 972 2081 omnia
1014 2033 1330 2097 Bigamorurn
1377 2049 1573 2099 separa.

142 2098 324 2146 tionem
352 2099 650 2162 exegissent.
706 2126 710 2131 ·
762 2133 765 2135 ,
1117 2161 1120 2166 p

207 2166 327 2214 Inst.
370 2167 419 2214 S.
460 2167 665 2231 Basilius
706 2167 887 2217 ibidem
926 2169 1095 2218 asserit
1123 2168 1319 2223 tertium
1346 2168 1572 2219 maritum

139 2232 345 2281 similem
373 2250 480 2282 esse
505 2244 647 2295 sexto
671 2235 774 2284 viro
818 2253 963 2300 quem
1004 2235 1220 2284 habebat
1254 2238 1572 2296 Samaritana,

142 2300 205 2350 de
232 2316 328 2364 qua
352 2301 534 2353 mentio
561 2300 613 2350 fit
638 2303 686 2350 in
713 2304 982 2367 Evangelio
1005 2323 1017 2352 z
1054 2304 1188 2369 atqui
1214 2316 1385 2354 sextus
1404 2305 1486 2354 ille
1502 2307 1574 2353 vir

143 2355 240 2421 tion
261 2378 363 2416 erat
390 2370 606 2427 maritus,
631 2372 717 2419 sed
743 2371 968 2429 adulter;
1004 2389 1139 2435 ergo,
1166 2376 1257 2420 &c.

210 2436 273 2483 R.
307 2437 415 2484 dist.
454 2439 505 2484 S.
544 2438 769 2487 ‹Basilius
795 2439 964 2487 asserit
1016 2439 1214 2488 tertium
1252 2438 1479 2488 maritum
1515 2441 1577 2496 si-

142 2502 309 2562 milem
345 2518 452 2552 esse
487 2514 625 2557 sexto
664 2506 766 2554 viro
820 2523 966 2570 quem
1002 2508 1215 2555 habebat
1254 2508 1571 2565 Samaritana,

145 2568 333 2617 ratione
359 2571 491 2634 pravi
516 2571 719 2621 affectus
745 2584 795 2622 et
821 2574 1029 2622 libidinis
1062 2583 1171 2637 quae
1195 2575 1486 2639 plerumque
1510 2577 1575 2624 ad

144 2636 384 2700 secundas
404 2639 597 2703 nuptias
622 2640 844 2706 impellit,
881 2659 1004 2692 conc.
1030 2652 1264 2709 quantum
1291 2643 1354 2691 ad
1379 2643 1573 2709 nuptias

146 2704 196 2759 in
221 2720 273 2752 se
298 2717 531 2769 sumptas,
549 2725 654 2773 neg.
1101 2702 1106 2707 ’

165 2790 169 2794 ·
212 2771 355 2821 Dices
389 2776 458 2819 3⁹·
497 2774 740 2839 Origenes
794 2776 980 2824 Homil.
1039 2779 1116 2829 17.
1177 2776 1226 2824 in
1276 2777 1466 2827 Lucam
1508 2777 1577 2826 ait

143 2838 383 2896 secundas
418 2841 610 2905 nuptias
646 2843 916 2893 excludere
953 2860 982 2893 a
1019 2846 1195 2909 Regno
1231 2845 1345 2897 Dei.
1421 2846 1574 2909 Ergo,

150 2910 239 2953 &m
666 2948 673 2957 ,

214 2973 278 3022 R.
313 2972 420 3023 dist.
457 2975 745 3027 Excludunt
770 2994 800 3027 a
825 2979 1002 3043 Regno
1028 2978 1142 3040 Dei,
1165 2990 1213 3028 et
1234 2996 1321 3044 per
1348 2981 1576 3044 Regnum

820 3047 860 3094 P
884 3063 915 3111 p
1484 3048 1583 3099 Dei
