1846 3250
519 152 619 202 DE
655 146 1153 203 MATRIMO-›Nla
1438 150 1575 221 2407·

146 296 347 366 possunt
406 286 652 351 intelligi,
691 304 836 350 quem
896 285 1124 352 procul
1129 281 1281 330 dubio
1334 282 1579 331 Sacerdos

146 357 343 405 minime
380 355 588 419 perficit.
675 355 810 417 Ergo
856 353 1096 402 Sacerdos
1121 367 1264 399 vetus
1307 360 1380 398 est
1408 350 1579 398 Sacra-

144 424 296 472 menti
321 422 623 471 Matrimonii
651 422 896 469 Minister.

216 491 543 539 Confirmatur
578 489 708 537 idem
747 497 1087 551 argumentum
1144 479 1404 549 permultis
1419 533 1421 535 ,
1447 482 1576 533 Con-

145 557 266 605 ciliis
303 557 605 614 Gallicanus,
646 557 911 604 Rhemensi
949 571 1030 602 an.
1068 556 1213 602 1583.
1270 551 1577 599 Rothoma·

143 625 282 687 gensi
323 642 402 673 an.
445 629 590 673 1581.
610 623 914 678 Turonensi,
957 619 1200 683 Aquensi
1219 635 1295 666 an.
1340 622 1487 667 1585.
1525 629 1576 666 et

143 692 408 740 innumeris
434 690 749 739 Ritualibus
739 708 785 737 in
812 690 987 754 quibus
1020 690 1176 735 forma
1217 686 1411 753 Concil.
1440 685 1576 734 Trid.

144 759 193 805 in
222 759 519 809 Matrimonii
541 759 868 807 celebratione
895 754 1239 819 praescribitur..

216 828 326 895 Nec
386 827 737 890 respondeant
782 817 1123 872 Sacerdotem·
1159 822 1309 869 verba
1362 820 1577 877 laudata,

143 911 227 958 ego
250 912 329 943 vos
352 898 599 959 cory'ung‘o,
637 893 856 957 proferre
888 901 1077 939 tantum
1111 899 1163 936 ut
1202 898 1378 936 testem
1416 888 1577 935 matri-

143 961 310 1017 monii,
349 971 398 1010 et
422 961 729 1024 significare:
767 961 968 1011 declaro
990 974 1075 1005 vos
1118 951 1424 1002 matrimonio
1460 971 1579 1001 con-

136 1033 351 1088 junctos.
425 1027 667 1088 Sacerdos
693 1027 819 1074 enim
847 1026 949 1073 istis
974 1023 1133 1077 verbis
1165 1038 1260 1069 non
1288 1021 1444 1068 minus
1477 1021 1577 1068 Mi-

141 1094 280 1156 nistri
308 1084 610 1143 Sacramenti
637 1086 938 1142 Matrimonii
962 1106 1217 1154 personam
1245 1089 1387 1153 gerit,
1429 1103 1573 1157 quam

143 1177 253 1209 cum
281 1162 415 1219 dicit,
452 1179 536 1227 ego
561 1170 605 1209 te
629 1161 827 1227 baptism,
863 1179 947 1225 ego
973 1167 1017 1207 te
1034 1157 1232 1206 absolvo.
1282 1192 1285 1195 ⁴
1310 1189 1311 1193 =

210 1229 359 1278 Prob.
409 1232 483 1276 50-
518 1228 675 1277 multis
722 1228 979 1277 rationibus
1013 1222 1297 1290 theologie-is.
1363 1222 1574 1271 Prima.

144 1296 387 1344 Doctrina
423 1295 664 1359 antiquior
722 1296 869 1358 longe
928 1294 1189 1342 recentiori
1249 1300 1322 1340 est
1372 1300 1574 1354 antepo-

143 1364 337 1412 nenda·
373 1363 508 1427 atqui
568 1364 714 1426 longe
772 1363 1017 1410 recentior
1070 1356 1145 1409 est
1193 1358 1417 1407 doctiina
1465 1375 1575 1421 quae

145 1431 489 1479 contrahentes
524 1430 826 1478 Sacramenti
867 1427 1169 1480 Matrimonii
1212 1426 1467 1474 Ministros
1502 1441 1577 1473 as-

116 1498 275 1556 'sei-it,
314 1515 424 1546 cum
453 1514 596 1546 nemo
623 1499 859 1546 Veterum
886 1491 1120 1560 appellari
1158 1493 1311 1557 possit
1347 1492 1441 1556 qui
1454 1508 1574 1540 eam

142 1565 384 1628 prioribus
420 1566 609 1614 saeculis
662 1564 1061 1629 propugnaverit.
1126 1563 1192 1609 E
1240 1570 1435 1609 contra
1458 1575 1578 1607 vero

142 1632 335 1695 plurimi
373 1643 487 1681 sunt
527 1633 654 1680 inter
697 1633 904 1680 Veteres
946 1631 1046 1695 qui
1065 1624 1463 1678 benedictionem
1499 1643 1575 1675 sa-

143 1701 443 1748 cerdotalem
480 1709 532 1748 ut
565 1695 878 1748 essentialem
916 1709 966 1746 et
999 1696 1191 1747 Gratiae
1216 1691 1576 1765 productivam

139 1766 433 1838 habuerunt,
472 1777 525 1815 ut
559 1777 751 1815 constat
776 1784 839 1815 ex
866 1765 1025 1814 dictis.

214 1836 441 1884 Secunda.
479 1835 560 1881 Ex
620 1835 845 1882 Decreto
905 1835 1002 1881 Eu
987 1849 1099 1895 ren
1137 1832 1228 1879 1V=.
1269 1834 1575 1880 Sacramenta

140 1901 290 1951 tribus
334 1902 657 1967 perficiuntur,
711 1902 845 1949 rebus
894 1909 1116 1965 tanquam-
1174 1899 1389 1956 materia,
1427 1898 1575 1947 verbis

138 1977 361 2034 tanquam
375 1971 565 2033 forma,
591 1977 635 2016 et
662 1968 918 2017 intentione
943 1967 1203 2016 Ministri:
1235 1967 1391 2030 atqui
1408 1975 1574 2013 tamen

141 2035 190 2082 in
226 2035 469 2084 sententia
512 2036 918 2083 Adversariorum
976 2037 1305 2083 Sacramenta
1326 2047 1422 2080 non
1466 2050 1576 2096 per-

139 2102 371 2151 ficiuntur
418 2103 694 2150 necessario
736 2103 893 2151 verbis
930 2111 1159 2166 tanquam
1185 2101 1380 2157 forma;
1414 2099 1574 2148 fateti-

142 2170 271 2219 tibus
308 2170 437 2219 enim
474 2171 715 2227 omnibus,
766 2169 883 2218 muti
934 2180 1137 2233 possunt
1176 2169 1335 2238 valide
1380 2179 1572 2216 contra-

141 2236 276 2296 here,
313 2237 707 2302 sufficienterque
761 2254 1051 2305 consensum
1104 2253 1245 2283 suum
1292 2233 1573 2319 exprimere

140 2321 228 2368 per
251 2305 404 2369 signa,
443 2314 493 2352 et
516 2315 663 2353 nutus
689 2306 771 2369 qui
796 2299 892 2352 non
918 2315 1031 2353 sunt
1055 2306 1219 2353 verba.

216 2373 392 2421 Jertia.
430 2373 800 2421 Sacramentum
853 2373 1049 2436 proprie
1099 2371 1283 2419 dictum
1339 2380 1412 2418 est
1451 2359 1573 2434 opus

142 2439 430 2503 Religionis,
492 2440 880 2503 caeremoniaque
956 2455 1125 2487 sacra.
1184 2438 1318 2501 atqui
1391 2447 1574 2496 tamen,

140 2507 333 2554 sublato
371 2506 692 2554 Sacerdotum
730 2507 1012 2564 ministerio,
1052 2506 1202 2553 nihil·
1200 2506 1265 2551 in
1314 2515 1573 2553 contractu

138 2569 226 2620 viri
253 2584 302 2622 et
328 2574 541 2622 mulieris
567 2574 654 2622 nisi
681 2574 937 2638 profanum
963 2573 1195 2639 occurrit,
1217 2572 1335 2619 nihil
1360 2587 1569 2630 sacrum,

139 2640 258 2687 nihil
277 2641 420 2704 quod
440 2657 534 2688 non
559 2642 621 2689 sit
645 2642 693 2688 in
720 2642 1027 2690 matrimonio
1055 2642 1379 2703 Paganorum.
1445 2653 1448 2655 ·
1542 2660 1545 2663 ’

213 2709 411 2768 Quarta.
450 2709 505 2755 In
531 2711 772 2757 sententia
794 2709 1199 2757 Adversariorum
1224 2707 1295 2755 vir
1321 2717 1372 2755 et
1397 2696 1571 2755 triulier

139 2773 476 2823 administrant
522 2777 924 2832 Sacramentum;
977 2773 1218 2824 Sacerdos
1259 2785 1429 2829 autem
1465 2790 1569 2821 rem

139 2841 309 2888 solum
331 2843 651 2892 accessoriam
687 2854 737 2892 et
773 2845 1145 2902 accidentalem,
1185 2844 1377 2906 qualem
1420 2842 1568 2889 bene-

142 2907 402 2959 dictionem
435 2920 624 2974 putant.
695 2912 840 2967 Quod
867 2909 1129 2961 absurdum
1155 2911 1365 2960 videtur.

1301 2960 1569 3027 Diluuntiir
