1846 3250
527 142 627 190 DE
669 143 1168 196 MATRIMONIO.
1466 146 1592 234 419·

142 265 402 328 reviviscit,
444 267 636 315 sublato
689 267 1057 332 impedimento,
1122 267 1404 317 benedictio
1451 283 1575 332 nup-

142 332 367 394 tialissset
416 350 557 394 suum
614 334 843 383 effectum
905 337 1110 393 obtinet,
1161 336 1574 399 quemadmodum

147 401 386 448 confessio
422 401 555 464 prius
588 401 736 459 facta,
774 404 1126 452 accedentibus
1161 404 1266 452 aliis
1313 403 1573 469 requisitis,

145 466 371 524 effectum
398 471 799 517 sacramentalem
827 471 1071 535 producit.

175 537 373 590 .Dices,
399 540 479 583 30·
535 537 684 584 Multi
721 548 832 585 sunt
880 538 1078 586 rituales
1127 537 1262 586 Libri
1301 538 1348 585 in
1397 537 1577 602 quibus

143 599 299 650 forma
365 604 673 654 Sacramenti,
728 604 1031 652 Matrimonii
1078 606 1125 652 in
1174 607 1350 663 verbis,
1399 606 1575 670 quibus

146 674 381 734 conjuges
416 687 555 722 suum
595 688 881 719 consensum
942 674 1237 737 exprimunt,
1292 676 1577 737 neutiquam

146 753 262 784 vero
312 739 359 785 in
409 739 754 787 benedictione
801 741 1092 788 sacerdotali
1140 741 1407 804 reponitur.
1499 741 1578 788 Ita

151 805 426 868 Stephanus
451 806 640 854 Poncer
663 807 709 852 in
743 806 1072 856 Instructione
1113 825 1201 872 pro
1245 808 1476 857 Parochis
1500 825 1578 855 an.

155 875 296 920 1516.
333 890 440 936 quae
476 874 716 937 reperitur
756 875 804 921 in
849 875 1096 923 Breviario
1135 877 1578 933 Sacramentorurn,

147 938 195 983 in
223 940 465 1003 Operibus
492 942 745 989 Gersonis.
828 943 906 989 Ita
934 944 1126 990 Statuta
1156 943 1342 1006 Synodi
1386 943 1579 990 Maelo-

146 1006 322 1055 viensis
362 1023 440 1054 an.
485 1012 629 1057 1619.
719 1009 794 1056 Ita
849 1010 1084 1056 Manuale
1120 1009 1451 1057 Laudunense
1499 1025 1579 1057 an.

151 1076 297 1121 1538.
336 1075 415 1121 ubi
475 1075 593 1121 nihil
646 1076 713 1123 ait
766 1077 1043 1140 Praesbyter
1087 1081 1406 1139 conjungens.
1500 1077 1581 1124 Ita

150 1140 343 1188 Statuta
367 1142 621 1206 synodalia
654 1143 898 1191 Dioecesis
944 1144 1303 1192 Suessionensis
1321 1160 1399 1203 an.
1433 1146 1579 1192 1561.

151 1209 393 1257 Abstineo
443 1211 503 1256 ab
563 1210 667 1257 aliis
726 1211 980 1259 ritualibus
1029 1211 1191 1258 Libris
1238 1211 1582 1259 enumerandis

148 1292 269 1338 quos
320 1276 470 1325 refert
523 1277 773 1325 Gibertus.
866 1279 1001 1342 Ergo
1054 1295 1319 1327 consensus
1365 1279 1580 1342 partium

149 1343 306 1400 verbis
344 1360 621 1407 expressus,
675 1362 770 1392 non
824 1346 1106 1394 benedictio
1146 1346 1444 1404 Sacerdotis,
1495 1346 1581 1395 Sa-

152 1412 386 1459 cramenti
409 1412 708 1459 Matrimonii
736 1413 937 1460 formam
966 1413 1236 1462 constituit.

218 1477 285 1525 R.
322 1478 368 1525 in
429 1495 486 1526 ea
522 1480 805 1543 quaestione,
862 1482 924 1529 de
984 1498 1080 1545 qua
1116 1480 1234 1528 nihil
1270 1479 1577 1544 pronuntiavi

150 1545 394 1602 Ecclesia,
431 1548 691 1605 nonnullos
733 1548 926 1611 quidem
982 1550 1180 1596 rituales
1218 1549 1393 1598 Libros
1439 1547 1580 1594 nobis

149 1612 408 1662 adversari.
503 1616 573 1661 At
623 1615 861 1663 innumeri
914 1616 1011 1673 alii,
1071 1632 1198 1679 quosv
1249 1615 1399 1664 refert
1448 1613 1580 1669 idem

150 1680 401 1740 Gibertus,
438 1682 575 1729 nobis
601 1694 768 1746 aperte
793 1682 977 1731 favent.
1336 1741 1338 1744 v
1562 1703 1564 1705 ’

519 1805 776 1866 CAPUTJ
809 1810 1205 1868 SEPTIMUM.

442 1952 524 2000 De
551 1931 920 2017 proprietatibus
970 1952 1290 2017 Matrimonii.

216 2085 339 2133 Duo
365 2095 508 2132 erunt
531 2085 674 2148 hujus
718 2085 890 2149 capitis
930 2086 1137 2143 articuli,
1174 2086 1358 2151 primus
1400 2086 1489 2134 erit
1516 2086 1579 2135 de

147 2152 334 2200 unitate
379 2152 699 2211 Matrimonii,
759 2155 1005 2203 secundus
1061 2155 1123 2203 de
1176 2156 1304 2203 illius
1350 2153 1579 2202 firmitate

145 2236 231 2268 seu
267 2219 701 2270 indissolubilitate.

607 2355 1021 2406 ARTICULUS
1058 2358 1098 2405 I.

532 2489 615 2539 De
650 2491 956 2540 Matrimonii
989 2497 1183 2541 unitate.

212 2621 586 2672 Matrimonialis
640 2624 816 2683 unitas,
874 2642 983 2690 quae
1039 2626 1328 2692 monogamia
1378 2623 1575 2682 dicitur,

143 2699 215 2737 est
254 2690 394 2738 unius
450 2700 639 2739 tantum
698 2709 808 2740 cum
861 2710 958 2741 una
1013 2694 1117 2741 sola
1169 2694 1470 2755 conjunctio,
1520 2703 1571 2741 et

140 2754 364 2805 vicissim.
458 2759 594 2807 Huic
619 2761 882 2824 opponitur
926 2761 1205 2826 polygamia
1244 2762 1291 2808 in
1327 2778 1386 2809 eo
1411 2760 1572 2823 posita

140 2824 268 2886 quod
293 2824 365 2870 vir
390 2840 513 2873 unus
537 2827 708 2889 plures
724 2829 864 2876 simul
892 2828 1069 2877 habeat
1113 2845 1310 2884 uxores,
1337 2829 1412 2876 vel
1438 2842 1568 2888 uxor

139 2891 303 2953 plures
334 2891 475 2939 simul
516 2893 694 2943 habeat
732 2895 945 2952 maritos,
984 2908 1034 2944 et
1075 2906 1150 2945 est
1190 2894 1471 2961 polygamia
1505 2892 1569 2941 si-

134 2958 411 3015 multanea3
445 2960 521 3009 vel
546 2962 822 3011 successive
847 2973 1054 3024 tantum,
1094 2974 1145 3012 et
1181 2974 1261 3012 est
1286 2960 1567 3028 polygamia

128 3025 419 3074 successiva.
1479 3029 1562 3078 De
