1846 3250
540 165 637 219 DE
682 167 1191 220 MATRIMONIO.
1476 159 1598 213 331

132 321 385 362 annorum,
421 303 469 351 in
495 304 778 352 mulier-ibus
808 303 1197 369 quatuordecim.
1270 299 1369 349 Alii
1395 300 1567 348 volunt

137 372 398 420 triennium
420 370 541 418 illud
565 387 594 418 a
618 372 698 419 die
727 372 989 421 Sententiae
1027 370 1219 421 Judicis
1244 366 1568 417 ecclesiastici

137 438 353 487 inchoari
379 437 578 485 debere.
1375 460 1384 468 ·
1552 456 1560 467 ³

210 508 399 562 Quoeres
442 508 516 552 30·
555 504 673 569 quid
707 506 843 553 facto
896 518 1019 570 opus
1072 505 1132 553 sit
1184 513 1295 569 post
1347 504 1567 567 elapsum

140 572 439 620 triennium?
1495 598 1506 603 „
1555 588 1559 590 ·

203 641 270 687 R.
298 640 389 687 Vel
417 640 478 687 de
517 639 812 703 impotentia*
845 649 1053 697 constat,
1097 656 1140 685 v.
1184 638 1241 703 gg
1259 654 1321 687 ex
1349 637 1570 686 declara·

137 707 271 756 tione
307 711 583 770 conjugum,
610 707 683 755 vel
721 723 835 754 non.
928 707 979 754 Si
1019 705 1171 770 prius,
1207 705 1566 754 matrimonium

130 774 319 836 Judicio
369 774 603 823 Ecclesiae
652 774 1012 823 dissolvendum
1057 784 1147 829 est,
1185 788 1282 820 non
1320 788 1436 820 vero
1464 773 1570 820 sola

137 843 348 904 partium
396 841 707 900 auctoritate,
744 852 847 890 tum
894 851 1093 906 propter
1132 840 1417 888 scandalum
1452 840 1568 887 inde

138 910 484 967 suboriturum,
522 924 634 957 cum
662 911 782 958 tales
807 926 896 973 pro
927 908 1217 972 conjugibus
1259 908 1532 956 habeantur
1558 927 1571 963 ;

138 988 241 1025 tum
269 976 381 1041 quia
404 976 436 1022 ii
463 975 545 1040 qui
570 977 860 1027 matrimonii
886 977 1077 1041 pertaesi
1103 985 1233 1032 sunt,
1269 974 1385 1022 inde
1426 989 1572 1022 occa-

135 1044 322 1092 sionem
374 1053 623 1092 sumerent
673 1045 1010 1109 impotentiam
1069 1041 1287 1107 fingendi
1349 1051 1403 1091 ut
1452 1057 1482 1091 a
1517 1056 1570 1090 se

138 1111 681 1161 invicem'recederent.

138 1214 144 1218 ψ
205 1179 256 1226 Si
289 1178 548 1241 posterius,
584 1178 809 1227 nimirum
868 1179 924 1238 si,
963 1179 1130 1243 elapso
1187 1176 1419 1235 triennio,
1469 1194 1571 1227 non

141 1255 333 1294 constet
359 1246 421 1293 de
444 1246 747 1310 impotentia,
785 1263 877 1296 nec
898 1257 1062 1311 partes
1088 1248 1150 1294 de
1175 1262 1235 1295 ea
1259 1245 1571 1303 conveniant,

140 1325 259 1362 tunc
297 1313 517 1377 quaedam
576 1314 992 1378 aliarpraescribit
1049 1315 1141 1364 Jus
1195 1313 1486 1361 canonicum
1521 1313 1572 1359 in

143 1380 315 1442 quibus
341 1397 400 1428 eo
426 1380 582 1428 minus
607 1381 970 1430 immorabimur
1012 1381 1144 1446 quod
1183 1381 1231 1428 in
1265 1381 1429 1429 multis
1454 1380 1573 1429 Gal-

140 1449 212 1495 liae
234 1448 502 1495 Provinciis
528 1450 891 1497 obsoleverint.>
1495 1473 1497 1475 ·

214 1516 406 1571 Quaeres
431 1521 512 1564 40·
550 1517 796 1579 quomodo
832 1533 939 1565 sese
982 1532 1154 1582 gerere
1181 1515 1359 1564 debeat
1398 1516 1571 1564 mulier

142 1599 250 1646 quae
286 1581 332 1629 in
361 1583 704 1631 Tribunalibus
746 1584 975 1632 damnata
1021 1594 1095 1632 est
1142 1585 1203 1631 ad
1251 1584 1573 1631 habitandum

142 1667 251 1697 cum
282 1650 382 1697 viro
409 1654 547 1710 cujus
571 1650 904 1713 impotentiam
933 1661 1068 1698 certo
1092 1651 1351 1713 cognoscit
1369 1651 1395 1697 Ρ

207 1719 270 1765 R.
306 1733 411 1765 eam
438 1718 621 1764 debere
645 1734 788 1765 omne
827 1734 981 1780 genus
1021 1734 1335 1766 censurarum
1380 1717 1573 1782 perpeti

139 1785 300 1848 potius
326 1799 469 1847 quam
491 1784 576 1830 viri
602 1784 727 1833 illius
748 1785 934 1836 libidini
960 1786 1235 1849 indulgere,
1272 1795 1327 1833 ut
1363 1785 1571 1833 habetur

139 1851 186 1898 in
214 1868 322 1899 can.
392 1852 715 1916 Inquisitioni,
743 1853 804 1900 de
834 1854 967 1900 Sent.
1002 1853 1263 1900 Excomm.

212 1921 456 1967 Caeterum
497 1918 747 1966 Pax-ochus
783 1931 867 1966 aut
916 1918 1272 1976 confessarius,
1326 1936 1438 1967 eum
1479 1922 1573 1968 'oc-

142 1996 341 2033 currunt
368 2001 540 2048 graves
566 2001 624 2032 ea
648 1987 710 2033 de
735 1986 1139 2043 redifficultates,
1177 1987 1328 2035 debet
1365 1987 1570 2050 Episco-

141 2070 255 2116 pum
283 2053 556 2109 consulere‚
579 2059 716 2114 cujus
742 2063 814 2101 est
840 2054 896 2100 iis
927 2054 988 2101 de
1008 2055 1329 2116 rehum-juxta
1348 2055 1570 2103 locorum

141 2122 321 2182 Leges,
355 2120 595 2184 Judicium
631 2121 779 2179 ferre,
836 2130 886 2169 et
922 2132 1085 2186 partes
1121 2122 1160 2169 si
1196 2139 1320 2186 opus
1356 2122 1417 2170 sit
1454 2138 1482 2170 a
1516 2139 1570 2170 se

140 2188 347 2235 invicem
383 2202 625 2250 separare.

219 2256 409 2313 Quoeres
435 2259 518 2302 5⁰·
550 2271 609 2302 an
637 2254 707 2302 vir
732 2266 781 2303 et
824 2255 997 2303 mulier
1044 2268 1245 2321 propter
1270 2257 1572 2321 impotentiae

141 2337 334 2370 causam
388 2321 598 2384 Ju1·idice
656 2324 883 2387 separati,
920 2325 1103 2389 possint
1146 2325 1278 2373 aliud
1325 2326 1571 2373 matrimo-

139 2390 271 2437 nium
308 2389 640 2439 contrahere?

207 2457 273 2506 R.
309 2472 451 2520 posse
489 2457 778 2506 contrahere
821 2474 926 2505 eam
968 2468 1155 2521 partem
1182 2476 1291 2522 quae
1316 2460 1379 2506 ad
1403 2457 1569 2507 matri-

140 2522 354 2571 monium
405 2533 477 2571 est
532 2524 740 2572 idonea:
799 2541 895 2572 non
931 2526 1091 2579 aliam,
1137 2528 1225 2574 nisi
1280 2526 1568 2591 impotentia

142 2596 243 2652 ejus
294 2590 357 2638 sit
406 2600 593 2639 tantum
655 2593 962 2655 respectiva3
1021 2604 1140 2641 tunc
1194 2593 1322 2641 enim
1379 2604 1571 2642 contra-

141 2659 258 2705 here
295 2657 475 2733 poterit
510 2675 619 2707 cum
654 2660 749 2708 alia
807 2665 946 2722 cujus
982 2671 1212 2725 respectu
1249 2673 1425 2726 potens
1461 2672 1569 2710 esse

140 2735 461 2787 praesumitur.
782 2762 786 2765 >
1564 2779 1583 2794 χ

213 2792 400 2847 Quaeres
424 2795 489 2840 6⁰·
526 2791 643 2855 quid
670 2794 809 2855 juris,
843 2794 882 2841 si
925 2794 1005 2858 qui
1042 2794 1290 2857 judicatus
1315 2806 1388 2844 est
1416 2795 1570 2857 impo-

140 2870 264 2915 tens,
301 2868 472 2921 postea
494 2860 626 2909 aliud
651 2862 1008 2909 matrimonium
1046 2863 1319 2921 contrahat,
1358 2873 1407 2910 et
1432 2863 1479 2907 in
1505 2877 1566 2909 eo

140 2924 536 2988 deprehendatur
560 2928 771 2991 potens?
1569 2956 1573 2970 2

776 2994 812 3041 F
848 2993 871 3040 f
903 2998 932 3042 3
1279 2994 1567 3063 Respondet
