1846 3250
226 148 322 212 192
727 153 1155 206 TRACTATUS

246 340 251 345 ι
292 285 364 333 At
420 285 566 349 longe
615 286 764 349 ‚aliter
813 289 1028 340 sentiunt
1066 291 1322 342 Catholici.
1393 290 1626 356 Quamvis

222 351 349 399 enim
374 367 541 402 eorum
582 357 800 405 nonnulli
839 359 1131 408 arbitrentur
1169 378 1306 409 usum
1348 376 1453 408 esse
1490 357 1627 423 quasi

221 429 406 480 partem
451 421 752 471 Matrimonii
791 425 1130 491 integrantem,
1167 438 1221 477 ut
1250 426 1515 476 satisfactio
1552 442 1630 473 re-

221 497 395 548 spectu
421 489 744 550 Poenitentiae‚
781 510 923 543 nemo
956 506 1118 544 tamen
1153 496 1280 544 inter
1329 496 1436 543 illos
1461 492 1627 543 existi--

220 563 321 601 mat
342 555 477 604 illum
503 575 641 607 usum
678 577 784 609 esse
819 563 1133 628 Matrimonio
1168 564 1470 612 essentialem
1492 600 1504 619 ‚
1538 561 1627 609 sed

221 636 388 671 omnes
446 625 707 677 admittunt
753 646 920 678 verum
962 630 1328 680 Matrimonium
1386 630 1488 680 sine
1535 646 1627 677 USU

220 688 433 739 existere
458 710 616 757 posse.

288 757 366 806 Ex
403 759 460 808 iis
498 779 612 811 vero
651 764 731 811 alii
757 765 1058 814 Matrimonii
1091 766 1348 815 essentiam
1384 773 1628 829 reponunt

220 824 268 870 in
293 836 462 890 Qutuo
493 846 732 880 consensu
768 850 865 896 quo
904 845 1066 899 partes
1101 834 1149 881 in
1190 844 1476 898 perpetuam
1517 832 1627 878 Vitae

217 894 502 944 societatem
545 916 598 947 se
638 905 956 964 conjungunt,
998 901 1077 950 alii
1125 912 1290 951 autem
1336 902 1383 948 in
1431 899 1626 948 vinculo

215 974 304 1009 seu
332 979 485 1077 lnexu
538 966 622 1032 qui
657 984 720 1016 ex
768 971 978 1033 partium
1030 987 1270 1019 consensu
1326 968 1481 1034 prius.
1512 968 1626 1015 dato

217 1043 328 1078 resu
352 1041 436 1083 tat.

677 1172 1100 1224 PROPOSITIO
1137 1176 1179 1224 Ι.

414 1309 536 1357 Usus
570 1323 663 1356 non
697 1315 764 1357 est
800 1309 858 1357 de
886 1310 1085 1360 essentia
1121 1307 1437 1360 Matrimonii.

249 1441 433 1498 ‚Proh
483 1446 526 1490 1.
570 1442 769 1509 exemplo
815 1444 983 1494 Beatoe
1024 1446 1219 1494 Alarico.
1296 1441 1628 1494 Certissimum

218 1519 296 1558 est
340 1510 466 1559 inter
506 1513 708 1561 Beatam
749 1513 954 1561 Mariam
1003 1514 1255 1577 Virginem
1298 1523 1347 1561 et
1398 1513 1445 1562 S.
1485 1513 1628 1560 Jose-

216 1576 367 1640 phum
408 1578 557 1629 fuisse
595 1596 761 1627 verum
794 1581 1166 1629 matrimonium.
1205 1581 1398 1629 Etenim
1446 1578 1630 1627 Matth.

221 1647 300 1693 16.
370 1645 520 1695 Jacob
549 1648 715 1713 genuit
756 1648 930 1712 Joseph
973 1649 1119 1697 virum
1164 1651 1358 1697 Mariae.
1429 1647 1495 1695 Et
1519 1646 1628 1694 eod.

135 1722 138 1725 ‘
216 1728 327 1776 cap.
351 1730 398 1761 v.
434 1716 514 1761 20.
538 1726 588 1763 et
610 1731 747 1780 seqq.
815 1715 1025 1782 Angelus
1070 1716 1270 1765 Domim
1315 1716 1541 1781 apparuit
1578 1715 1629 1762 z'n

216 1782 384 1831 somnis
407 1781 597 1849 Joseph,
634 1784 816 1833 dicens:
851 1783 1118 1850 Josephfilz'
1141 1784 1321 1839 David,
1355 1782 1451 1833 noli
1473 1780 1631 1830 timeri

215 1848 422 1912 accipere
446 1851 659 1900 Mariam
677 1851 912 1917 cory‘ugem
936 1859 1062 1900 tuam
1069 1886 1168 1903 ......
1176 1853 1444 1921 Exsurgenp
1477 1857 1629 1897 autem

215 1916 393 1981 Joseplz
431 1937 461 1967 a
497 1935 669 1978 somno,
684 1918 814 1984 fecit
853 1920 972 1969 sicut
1004 1920 1231 1985 praecepit
1276 1920 1319 1967 ei
1346 1917 1553 1980 Anyelus
1584 1924 1630 1965 et

218 1986 391 2051 accepit
411 1990 651 2054 conjugem
674 2004 820 2036 suam.
1100 2023 1102 2025 ·

286 2052 442 2117 Atqui
482 2055 679 2119 Dogma
715 2065 788 2103 est
831 2054 969 2103 Fidei
1009 2056 1214 2104 Beatam
1252 2052 1461 2103 Mariam
1507 2067 1631 2099 nun·-

215 2135 360 2182 quam
385 2121 537 2169 virum
576 2122 879 2187 cognovisse,
916 2123 1251 2187 virginemque
1292 2121 1630 2187 permansisse,

215 2197 318 2235 turn
361 2199 473 2238 ante
497 2202 704 2254 partum,
742 2200 844 2238 tum
869 2190 918 2237 in
960 2202 1118 2254 partu,
1156 2201 1258 2238 tum
1284 2199 1394 2253 post
1417 2199 1627 2253 partum,

217 2255 287 2303 uti
310 2255 668 2307 demonstratur
690 2258 740 2306 in
764 2259 999 2306 Tractatu
1024 2258 1086 2306 de
1111 2257 1452 2305 Incarnatione
1477 2254 1628 2303 Verbi

215 2322 381 2371 divini.
453 2326 586 2391 Ergo
645 2325 995 2375 consummatio
1048 2325 1334 2373 matrimonii
1394 2324 1456 2372 de
1502 2322 1628 2370 illius

217 2392 430 2452 essentia
452 2410 548 2443 non
574 2405 665 2444 est.

283 2462 428 2511 Proh.
487 2465 534 2513 2.
590 2481 646 2513 ea:
683 2465 771 2512 SS.
811 2461 1055 2511 Patr-ihm.
1149 2461 1199 2508 S.
1236 2458 1627 2523 Chrysostomus,

218 2527 371 2576 Hom.
395 2533 477 2579 32.
500 2530 549 2578 in
574 2531 755 2580 Matth.
824 2528 1180 2580 AWatrimonium
1205 2545 1294 2576 non
1321 2529 1456 2592 facit
1502 2543 1628 2582 usus,

216 2595 301 2643 sed
321 2595 545 2648 voluntas.

256 2721 260 2725 .
288 2662 339 2711 S.
367 2666 654 2722 Ambrosius
694 2667 804 2716 Lib.
827 2665 890 2714 de
931 2663 1241 2713 Institutione
1272 2660 1485 2727 Virginis
1510 2676 1553 2709 c.
1578 2664 1629 2709 6.
1653 2673 1655 2675 ·

219 2730 332 2779 Non
356 2732 599 2797 defloratio
633 2734 917 2801 virginitatis
934 2733 1069 2798 ficit
1092 2731 1370 2796 conjugium,
1405 2730 1488 2780 sed
1518 2746 1627 2793 pac-

219 2798 286 2847 tio
309 2801 580 2867 conjugalis.
1460 2863 1470 2873 ο

291 2867 340 2915 S.
378 2872 588 2932 August.
624 2868 734 2917 Lib.
769 2868 832 2917 de
870 2869 1010 2917 Bono
1049 2868 1243 2931 cOnJug.
1279 2883 1327 2921 c.
1349 2868 1394 2913 3.
1429 2873 1497 2913 ait
1532 2878 1629 2911 ma-

220 2934 498 3001 trimonium
538 2936 627 2987 sibi
674 2936 828 2985 videri
873 2938 1071 2997 bonum,
1114 2953 1206 2985 non
1247 2929 1628 3064 proptevfflsolam

1481 3012 1629 3048 zorum
