1846 3250
655 148 751 200 DE
788 147 1080 199 ORDINE.
1499 146 1591 196 137

254 288 332 333 10·
370 285 687 350 Respondent
726 284 945 332 nonnulli
991 282 1254 361 Epistulam
1299 281 1483 333 Urbani
1529 283 1597 330 11.

181 352 386 420 intelligi
410 355 590 403 debere
626 353 687 402 de
715 353 975 401 Haereticis
1011 354 1156 400 ritum
1189 368 1218 399 a
1245 352 1438 401 Christo
1463 350 1596 399 insti—

183 435 339 472 tutum
367 439 460 469 non
484 421 802 470 servantibus.
855 424 926 468 At
948 420 1107 468 verbis
1127 420 1314 470 Urbani
1342 419 1596 468 manifesto

182 492 275 538 vim
316 490 561 547 inferunt3
595 488 892 551 necbenim
905 504 1053 536 unum
1090 498 1164 536 est
1205 488 1254 535 in
1293 504 1351 537 ea
1377 487 1598 553 Epistola

184 559 470 608 vocabulum
516 558 578 606 de
616 557 901 620 evangelico
938 556 1052 614 ritu,
1093 573 1187 605 nec
1225 556 1407 605 mentio
1445 556 1498 603 fit
1536 556 1598 605 de

182 628 277 674 alia
300 626 484 685 haeresi,
519 635 695 692 praeter
715 625 985 678 simoniam,
1018 642 1132 690 ,quae
1158 624 1260 674 sola
1282 625 1479 674 irritatae
1505 626 1600 674 Or-

185 695 440 743 dinationis
467 711 614 743 causa
637 693 938 758 proponitur.

252 766 333 810 *20-
384 763 669 826 Respondet
714 762 1003 826 Rudolphus
1051 759 1247 824 quidam
1294 761 1421 825 apud
1469 762 1600 825 Ray·

185 831 434 889 mundum,
460 832 544 880 lib.
574 835 618 878 l.
649 831 873 887 Summae,
901 846 1012 893 cup.
1038 834 1080 878 1.
1110 828 1457 877 Ordinationes
1485 830 1601 876 Hae-

187 900 447 948 reticorum
509 910 696 948 tantum
763 897 845 962 qui
904 909 1046 946 extra
1092 897 1366 946 Ecclesiam
1392 897 1601 945 ordinati

184 967 399 1026 fuerunt,
435 984 530 1014 non
557 984 672 1014 vero
697 983 864 1016 eorum
908 965 991 1031 qui
1031 966 1156 1013 intra
1186 966 1461 1014 Ecclesiam
1486 982 1602 1013 con-

184 1036 362 1083 secrati
396 1045 526 1093 sunt,
562 1035 718 1084 irritas
757 1036 816 1083 ab
852 1035 1053 1083 Urbano
1091 1033 1345 1083 declarari.
1416 1034 1602 1083 Verum

185 1103 374 1152 admitti
398 1120 494 1151 non
520 1114 682 1168 potest
721 1103 806 1151 illa
841 1102 1109 1167 responsis),
1147 1103 1277 1158 unde
1312 1115 1603 1167 sequeretur

186 1171 344 1219 nullos
369 1188 474 1220 esse
498 1171 546 1218 in
586 1172 812 1221 Ecclesia
836 1171 1013 1220 Graeca
1038 1170 1309 1236 Episcopos
1328 1182 1413 1219 aut
1449 1171 1604 1222 Praes-

188 1240 403 1304 byteros.

257 1310 337 1356 30·
395 1308 671 1365 Turnelius‚
722 1306 978 1366 Vitassius,
1018 1309 1208 1356 Auctor
1234 1308 1296 1356 de
1343 1325 1396 1356 re
1443 1323 1605 1356 sacra-

188 1374 423 1423 mentaria
465 1385 515 1424 et
552 1375 630 1423 alii
656 1375 793 1424 multi
820 1375 1089 1452 Epistulam
1122 1376 1248 1424 hanc
1283 1376 1608 1439 interpretan-

124 1441 131 1450 “
189 1455 286 1499 tur,
315 1443 474 1491 nonde
496 1443 814 1492 Ordinatione
837 1442 1029 1521 proprie
1054 1442 1187 1492 dicta
1208 1435 1295 1492 sed
1321 1444 1383 1492 de
1408 1444 1607 1491 Ordinis

189 1511 500 1560 executione.
569 1514 691 1565 Quae
731 1513 980 1576 responsio
1022 1511 1214 1560 videtur
1269 1512 1374 1560 aliis
1413 1512 1606 1575 singula

185 1579 290 1627 fere
317 1579 537 1629 Gratiani
560 1581 708 1628 verba
729 1580 791 1628 ad
833 1579 1042 1628 alienum
1067 1595 1261 1628 sensum
1297 1580 1604 1643 detorquere.

193 1647 443 1713 Quidquid
466 1647 543 1695 sit.

197 1771 204 1779 ὃ
257 1716 604 1782 Respondemus
628 1716 704 1763 4⁰·
738 1733 838 1770 cum
883 1715 1128 1765 Sambovio
1164 1724 1210 1764 et
1251 1715 1359 1765 aliis
1391 1716 1606 1781 spuriam

187 1799 293 1832 esse
330 1784 457 1833 hanc
495 1784 762 1849 Epistolam
804 1799 833 1833 a
876 1783 1112 1832 Gratiano
1148 1784 1235 1832 sub
1272 1785 1466 1833 nomine
1510 1786 1607 1834 Ur-

187 1851 300 1899 bani
345 1851 585 1900 immerito
622 1851 886 1907 laudatam,
939 1867 1033 1899 nec
1073 1851 1277 1914 proinde
1321 1851 1449 1900 illius
1489 1869 1608 1901 auc-

193 1921 438 1967 toritatem
465 1936 607 1984 posse
626 1919 765 1966 nobis
789 1919 985 1983 opponi
1055 1919 1179 1967 Nam
1225 1923 1287 1965 l·
1324 1919 1607 1973 Gratianus.

190 1986 270 2048 qui
296 1987 648 2050 quinquaginta
667 1987 861 2034 circiter
877 2003 1028 2034 annos
1052 2004 1137 2051 pos
1118 1999 1157 2034 t
1190 1988 1374 2036 Urbani
1399 2001 1607 2036 mortem

193 2053 400 2117 scripsit,
417 2054 547 2102 solus
568 2065 638 2103 est
658 2054 785 2102 illius
805 2055 1037 2118 Epistolae
1051 2055 1365 2119 genuinitatis
1389 2073 1608 2121 sponsor.

195 2122 348 2170 Porro
393 2122 670 2178 Gratianus,
709 2123 862 2171 multa
902 2124 1005 2171 sine
1045 2124 1198 2172 multo
1245 2124 1443 2173 delectu
1491 2142 1608 2173 con-

192 2190 359 2255 gessit,
386 2195 585 2254 jamque
612 2202 755 2239 antea
779 2192 969 2255 experti
1006 2208 1171 2240 sumus
1195 2193 1456 2242 ementitos
1482 2194 1609 2241 Gre-

193 2257 316 2320 gorii
342 2258 653 2315 Nazianzeni‚
695 2260 955 2318 Ambrosii,
992 2260 1173 2309 Leonis
1215 2262 1382 2309 textus
1406 2262 1454 2308 in
1480 2261 1608 2310 illius

193 2326 405 2374 lectione
452 2326 668 2390 reperiri,
717 2327 898 2392 vixque
944 2328 1176 2388 Antonio,
1223 2328 1521 2392 Augustino,
1560 2340 1612 2377 et

197 2394 443 2457 Stephano
471 2395 682 2451 Balusio,
720 2395 878 2460 inquit
903 2396 1140 2453 Colletus,
1178 2397 1294 2445 satis
1327 2396 1420 2444 fuit
1445 2397 1610 2444 multae

196 2462 333 2509 molis
357 2463 580 2511 volumen
600 2463 739 2510 in-80·
776 2475 829 2512 ut
849 2480 1008 2511 naevos
1029 2469 1131 2526 ejus
1155 2464 1615 2513 animadverterent.

199 2529 382 2576 Verum
418 2539 492 2578 est
531 2532 725 2595 quidem
756 2532 1024 2580 Robertum
1066 2532 1129 2580 de
1153 2533 1520 2597 Flammesburg
1561 2544 1612 2580 et

203 2597 545 2660 Raymundum
569 2599 638 2647 sic
671 2617 781 2648 eum
807 2611 997 2649 textum
1023 2600 1233 2663 legisse,
1221 2621 1232 2631 ·
1266 2600 1353 2650 sed
1377 2602 1520 2650 ambo
1544 2618 1610 2649 ex

201 2679 296 2711 una
355 2664 571 2713 Gratiani
609 2670 900 2716 auctoritate
948 2668 1237 2717 citaverunt.
1314 2669 1461 2718 Unde
1513 2685 1612 2716 non

198 2730 293 2778 alia
317 2741 388 2779 est
413 2748 575 2781 eorum
604 2752 745 2798 quam
773 2735 1028 2785 Gratiani
1015 2753 1065 2784 m
1101 2753 1154 2785 re
1188 2738 1415 2801 praesenti
1439 2749 1610 2784 aucto·-

201 2799 331 2846 ritas.
389 2800 454 2845 2⁰·
481 2801 644 2850 Citata
682 2821 712 2852 a
750 2805 991 2853 Gratiano
1018 2804 1237 2868 Epistola
1273 2806 1481 2853 multum
1519 2803 1615 2850 dis-

198 2867 293 2914 fert
327 2866 388 2914 ab
415 2883 474 2915 ea
509 2885 650 2948 quarn
691 2888 755 2920 ex
796 2888 908 2920 mss.
948 2873 1121 2922 codice
1161 2873 1400 2921 victorino
1442 2871 1609 2931 Binius

201 2933 351 2984 edidit
394 2935 482 2984 sub
521 2937 712 2989 nomine
751 2940 967 3003 ejusdem
1001 2940 1204 3001 Urbani,
1239 2941 1421 3004 scripta
1466 2953 1612 3001 super

206 3036 208 3042 ,
1391 3006 1610 3063 eamdem
