1846 3250
656 200 752 249 DE
792 193 1084 247 ORDINE.
1512 194 1576 240 35

165 338 515 404 impositionem
544 336 873 384 Ordinationis
899 350 1003 383 esse
1030 330 1296 388 materiam,
1326 329 1576 391 solamque

169 408 431 455 orationem
480 422 586 453 esse
644 404 770 451 illius
818 404 1037 451 formam.
1139 401 1577 448 Instrumentorum

166 492 280 522 vero
323 474 567 538 porrectio
611 490 721 521 cum
765 471 921 520 verbis
964 467 1474 532 correspondentibus,
1528 464 1577 510 in

166 559 223 590 ea
248 542 490 606 opinione,
531 542 670 589 Ritus
695 550 769 588 est
793 537 1122 593 accidentalis,
1154 538 1228 583 vel
1254 535 1314 583 ad
1339 548 1578 582 summum

163 610 432 674 integrans;
451 627 547 674 quo
572 608 921 674 significantius
946 604 1233 670 exprimitur
1257 603 1383 650 illius
1412 603 1579 650 Sacra-

163 679 314 728 menti
337 679 555 727 effectus.

629 880 1054 931 PROPOSITIO
1091 880 1130 928 Ι.

170 1019 418 1069 Ordinatio
442 1018 647 1086 legitimo
684 1018 802 1066 Ritu
820 1020 1028 1084 confecta
1059 1034 1144 1083 per
1167 1016 1388 1080 desectum
1412 1029 1583 1078 appro-

459 1087 655 1136 bationis
678 1083 906 1135 Ecdesiae
930 1104 1019 1135 non
1024 1086 1097 1149 fit
1119 1084 1274 1133 irrita.

233 1224 376 1272 Proh.
419 1228 493 1271 1⁹.
529 1223 655 1278 Quia
674 1222 795 1270 illud
822 1234 1035 1288 systema
1059 1236 1253 1285 prorsus
1278 1218 1325 1265 in
1354 1215 1579 1264 Ecclesia

165 1291 432 1340 inauditum
470 1292 576 1349 fuit,
614 1308 669 1339 ac
711 1291 854 1349 simul
896 1292 944 1338 in
986 1291 1148 1338 lucem
1196 1286 1390 1351 prodiit,
1428 1295 1580 1331 totam

169 1359 488 1423 Theologiam
516 1359 793 1407 commovit.
864 1359 995 1413 Quid
1019 1374 1136 1405 vero
1169 1354 1493 1410 sentiendum,
1531 1352 1581 1397 in

168 1442 221 1473 re
264 1427 544 1490 gravissima
584 1428 645 1474 ad
673 1428 1038 1475 Sacramentum
1076 1434 1350 1489 spectante,
1393 1421 1456 1468 de
1481 1435 1583 1483 sys-

166 1505 348 1542 temate
372 1495 608 1543 hactenus
632 1494 800 1558 ignoto
818 1494 841 1541 P

233 1564 314 1609 2⁰·
350 1563 488 1611 [dem
503 1562 746 1626 judicium
769 1561 1026 1610 ferendum
1063 1570 1140 1609 est
1174 1559 1235 1607 de
1262 1556 1583 1607 Ordinatione

167 1646 226 1677 ac
251 1630 312 1679 de
339 1631 571 1695 Baptismi
601 1631 932 1688 Sacramento‚
969 1639 1022 1677 ut
1047 1629 1142 1677 fert
1164 1627 1256 1675 ista
1293 1628 1358 1675 D.
1385 1627 1582 1687 Augus·

165 1698 252 1745 tini
271 1698 321 1745 in
339 1699 498 1748 Libris
516 1709 686 1748 contra
711 1698 993 1746 Donatistas
1011 1696 1253 1746 sententia
1270 1713 1301 1743 t«
1329 1697 1584 1757 Utrumque

173 1769 517 1816 Sacramentum
536 1776 618 1824 est,
662 1774 905 1833 utramque
928 1767 1082 1816 eodem
1107 1766 1238 1814 modo
1263 1765 1419 1821 datur,
1455 1761 1583 1810 istud

166 1851 266 1882 cum
286 1835 563 1901 baptizatur,
588 1835 706 1884 illud
726 1853 825 1883 cum
842 1836 1104 1892 ordinatur,
1129 1841 1342 1882 neutrum
1366 1832 1582 1880 iteratur.

171 1903 326 1967 Atqui
373 1903 608 1968 Baptismi
655 1903 788 1950 valor
834 1905 894 1952 ab
945 1901 1183 1950 Ecclesiae
1230 1899 1579 1964 approbatione

168 1987 264 2017 non
284 1972 483 2034 pendet.
551 1972 688 2024 Idem
714 1970 861 2034 igitur
885 1971 947 2018 de
972 1968 1292 2019 ordinatione
1317 1967 1581 2016 dicendum

170 2047 259 2095 est,
286 2055 440 2101 eaque
463 2039 592 2087 valet
617 2055 644 2086 a
660 2054 967 2103 quocumque
993 2039 1323 2089 characterem
1349 2036 1578 2093 habente,

170 2104 356 2154 etiamsi
376 2107 507 2154 nulla
531 2107 740 2155 donetur
756 2107 1111 2168 Jurisdictione‚
1149 2105 1443 2154 conferatur.

237 2174 313 2222 3⁰·
350 2174 575 2224 Ecclesia
620 2174 738 2222 nihil
773 2176 1010 2240 approbat
1045 2191 1109 2223 ex
1147 2174 1203 2222 iis
1240 2190 1347 2237 quae
1380 2173 1503 2221 fiunt
1550 2188 1578 2220 a

173 2241 502 2291 Schismaticis
528 2244 603 2291 vel
630 2244 889 2292 Haereticis
914 2243 993 2306 qui
1029 2243 1226 2307 publice
1251 2244 1311 2291 ab
1337 2258 1396 2290 ea
1420 2258 1580 2291 reces-

169 2320 350 2358 serunt.
412 2311 562 2374 Atqui
588 2321 749 2359 tamen
771 2320 823 2360 ut
841 2312 1023 2360 validas
1047 2311 1216 2360 habuit
1230 2310 1578 2359 Ordinationes

169 2379 230 2425 ab
267 2378 335 2426 eis
375 2379 466 2428 rite
503 2389 740 2444 peractas,
776 2396 869 2429 nec
894 2396 975 2428 eas
1010 2379 1216 2427 iteravit.
1291 2378 1436 2428 Unde
1462 2394 1578 2427 con·

170 2455 353 2494 stanter
394 2449 559 2512 viguet
597 2464 656 2496 ea
696 2448 806 2495 Lex
835 2449 1031 2496 Patrum
1060 2447 1249 2496 Concil.
1275 2447 1506 2511 Carthag.
1531 2451 1577 2496 3.

167 2529 273 2561 can.
293 2517 372 2562 38.
396 2516 698 2580 loquentium
725 2516 787 2564 de
804 2515 1201 2564 Ordinationibus
1220 2525 1368 2580 atque
1386 2516 1575 2580 Baptis-

167 2582 374 2631 matibus
393 2584 781 2633 Donatistarum:
819 2586 929 2634 Non
946 2584 1050 2633 licet
1065 2585 1177 2648 fieri
1195 2584 1576 2651 rebaptizationes

167 2656 210 2695 et
241 2652 619 2701 reordinationes.

237 2718 312 2763 40·
348 2718 501 2767 Favet·
559 2720 679 2768 illud
724 2728 938 2784 systema
998 2719 1147 2768 errori
1197 2720 1577 2769 protestantium

175 2783 372 2831 Antonii
419 2787 480 2835 de
523 2784 782 2844 Dominis,‘
801 2797 850 2836 et
891 2788 1092 2836 aliorum
1137 2788 1454 2845 Novatorum‚
1493 2790 1574 2852 qui

168 2859 319 2897 totam
346 2852 541 2903 Ordinis
576 2857 812 2904 rationem
861 2855 908 2902 in
943 2872 1077 2904 mera
1099 2855 1163 2903 ad
1191 2856 1469 2904 functiones
1494 2872 1575 2904 ec-

169 2917 462 2968 clesiasticas
486 2922 802 2987 deputatione
827 2934 1083 2988 reponunt.
1457 2933 1461 2938 '

233 2990 290 3036 5⁰
308 3000 320 3012 ·
349 2987 542 3037 Nedum
568 2991 671 3040 haec
691 2990 853 3056 opinio
879 2992 1136 3041 commoda
1150 2991 1327 3040 habeat
1352 3007 1459 3054 quae
1481 2990 1572 3039 sibi

1320 3070 1574 3122 promittit.
