1846 3250
222 159 331 211 486
642 207 647 211 ,
664 173 671 180 ’
742 162 1183 225 TRACTATUS.

214 296 441 346 humano
483 304 536 345 et
573 294 746 347 libero.
802 300 1045 354 ‘Quinimo
1086 303 1141 350 in·
1183 301 1240 351 iis
1281 302 1656 353 circumstantiis

214 363 491 428 >*aliquando
528 362 752 418 illicitum
790 369 887 417 erit'
925 371 1218 430 concedere,
1253 389 1376 437 vig.
1409 371 1450 420 si
1485 371 1655 420 timea-

216 443 309 483 tur
331 433 531 480 abortus
556 433 632 480 vel
652 433 785 483 aliud
809 452 958 499 grave
983 439 1179 487 malum.

302 502 398 546 11⁰·
435 499 486 547 Si
525 500 745 549 debitum
786 504 928 551 reddi
964 522 1061 552 non
1104 515 1269 570 potest
1293 505 1416 555 citra
1438 504 1657 554 sanitatis

227 566 595 625 detrimentum,
644 569 817 618 »mortis
865 582 921 619 ut
966 573 1124 636 gravis
1166 573 1319 621 morbi
1363 573 1655 637 periculum,

219 650 342 682 rfunc
368 645 527 683 cessat
552 636 787 698 obligatio
822 638 977 686 debiti>
997 640 1267 705 reddendi;
1303 642 1414 703 qnia
1439 641 1654 704 postulat

226 701 349 752 ordo
386 712 567 750 naturae
608 714 661 751 ut
700 706 905 769 quisque
946 723 1087 754 suum
1134 709 1314 755 bonum
1354 724 1412 755 ac
1450 707 1655 771 proinde

223 785 363 818 suam
388 769 536 818 vitam
562 786 621 818 ac
658 773 986 821 valetudinem
1013 775 1211 823 alterius
1235 776 1365 822 bono
1390 783 1657 838 praeponat..

225 837 364 885 Hinc
388 843 569 899 conjux
610 854 708 885 non
749 849 947 888 tenetur
986 842 1212 900 reddere,
1248 842 1345 890 imo
1371 859 1463 890 nec
1488 851 1658 906 petere

220 905 360 953 licite
399 921 494 952 nec
535 906 744 954 reddere
768 918 932 971 potest
957 909 1175 958 debitum
1213 911 1409 974 conjugi
1445 910 1656 975 leproso,

221 973 265 1020 si
290 973 428 1034 lepra
464 983 576 1035 post
601 975 883 1037 conjugium
926 977 1297 1038 supervenerit·²
1327 994 1421 1026 nec
1459 976 1657 1037 conjugi

218 1041 401 1088 morbo
427 1040 714 1102 contagioso
750 1043 1005 1099 laboranti,
1043 1042 1083 1089 si
1107 1043 1378 1105 periculum
1406 1042 1468 1089 sit
1492 1050 1659 1088 conta—

224 1105 404 1171 gionis,
441 1122 538 1168 qua
561 1107 610 1152 in
636 1123 688 1154 re
714 1107 1059 1156 adhaerendum
1087 1120 1160 1157 est
1190 1108 1500 1170 Medicorum
1529 1107 1661 1169 Judi-

219 1174 322 1223 cio.
394 1174 530 1220 Hinc
567 1190 764 1237 quoquc
801 1175 840 1222 si
878 1177 1052 1223 mulier
1091 1176 1289 1240 proprio
1320 1175 1660 1239 experimento

225 1241 303 1289 vel
332 1240 646 1288 Medicorum
679 1242 868 1303 judicio
893 1243 1025 1291 sciat.
1050 1260 1103 1290 se
1144 1260 1241 1290 non
1280 1259 1424 1306 posse
1464 1254 1658 1307 partum

219 1308 378 1357 ‘edere
419 1308 524 1356 sine
565 1309 762 1373 proprio
799 1309 919 1357 vitae'
951 1310 1186 1373 periculo,
1223 1310 1448 1358 immunis
1485 1320 1559 1359 est
1594 1311 1655 1357 ab

223 1376 402 1424 eodem
427 1375 611 1435 debito,
650 1377 796 1424 modo
836 1387 998 1426 tamen
1040 1379 1277 1442 periculo,
1312 1378 1433 1425 illud
1475 1378 1659 1425 oriatur

216 1460 254 1492 a
278 1443 480 1492 defectu
502 1453 704 1502 naturae,
741 1461 838 1494 non
881 1461 910 1493 a
933 1445 1349 1510 propria··culpa;
1383 1454 1503 1493 tunc
1528 1444 1656 1493 enim

219 1511 353 1559 illam
380 1510 627 1573 corrigere
653 1523 863 1560 tenetur.

217 1615 225 1621 .
301 1581 397 1625 120·
434 1578 485 1626 Si
511 1583 693 1640 conjux
718 1596 842 1628 unus
876 1579 1052 1644 saepius
1077 1596 1136 1629 ac
1158 1580 1479 1628 immoderate
1504 1589 1658 1643 petat,

220 1645 352 1693 adeo
400 1655 456 1691 ut
501 1645 642 1702 alter,
695 1648 929 1710 spectatis
978 1648 1370 1705 circumstantiis,
1430 1647 1655 1705 sanitate,

219 1721 388 1769 aetate,
425 1711 529 1759 sine
567 1712 703 1775 gravi
744 1713 1055 1760 incommodo
1102 1715 1316 1761 reddere>
1352 1730 1451 1761 non
1487 1714 1656 1777 possit,

223 1791 349 1833 tunc
375 1789 533 1827 cessat
559 1779 798 1827 reddendi
834 1780 1085 1844 obligatio.

224 1882 232 1887 -
301 1850 397 1894 130·
435 1847 549 1895 Non
574 1856 789 1903 tenetur,
824 1848 922 1895 imo
963 1864 1058 1895 nec
1098 1846 1234 1895 licite
1274 1850 1438 1911 potest
1474 1851 1659 1908 conjux

225 1913 450 1962 debitum
498 1915 791 1972 concedere,
830 1915 914 1962 ubi
972 1915 1095 1963 citra
1140 1925 1413 1979 peccatum.
1445 1915 1660 1974 *reddere

226 1982 418 2046 nequit.
491 1982 627 2029 Hinc
657 1985 719 2030 1⁰-
754 1982 971 2030 debitum
1009 1998 1102 2030 nec
1133 1982 1274 2030 reddi
1314 1998 1407 2029 nec
1446 1982 1548 2045 -peti
1575 1998 1662 2045 po-

228 2060 327 2104 test
351 2049 399 2096 in
425 2049 537 2096 loco
552 2048 781 2113 publico,
819 2066 911 2098 nec
955 2066 1118 2098 coram
1154 2049 1329 2096 liberis>
1347 2058 1431 2096 aut
1466 2049 1658 2097 dom-es-

226 2117 368 2173 ticis;
404 2117 518 2180 quia
562 2117 613 2164 id
659 2117 945 2165 vericundia
990 2127 1140 2174 vetat,
1181 2116 1392 2178 indeque
1433 2130 1660 2164 nascere-

226 2194 307 2232 tur
330 2185 631 2232 scandalum.
702 2188 766 2231 2⁰·
803 2185 1036 2233 Similiter
1075 2185 1124 2232 id
1165 2200 1262 2231 non
1303 2184 1421 2232 licet
1461 2183 1658 2232 in.loco

224 2264 384 2309 sacre,
420 2252 533 2313 quia
573 2251 882 2315 sacrilegium
926 2261 1073 2300 esset.
1159 2251 1270 2299 Nec
1328 2251 1474 2299 etiam
1527 2250 1656 2298 idem

224 2318 447 2367 debitum
500 2319 602 2382 peti
652 2320 729 2366 vel
777 2319 914 2366 reddi
952 2328 1116 2382 potest
1160 2334 1221 2366 eo
1274 2318 1421 2365 modo
1469 2317 1553 2382 qui
1591 2317 1658 2365 sit

225 2395 401 2435 contra
424 2396 662 2444 naturam,
701 2394 756 2434 ut
780 2386 820 2433 si
856 2394 1055 2434 mutetur
1094 2385 1323 2434 naturalis
1365 2403 1474 2433 usus
1487 2385 1658 2450 foemi·

221 2471 315 2511 me,
356 2463 409 2500 ut
456 2453 671 2517 loquitur
719 2454 1006 2517 Apostolus,
1045 2455 1121 2501 vel
1168 2452 1462 2516 impediatur
1508 2450 1657 2515 prolis

222 2521 494 2584 generatio.
700 2561 704 2563 ,
830 2556 831 2559 ¹

297 2589 487 2644 Quceres
526 2592 592 2635 3⁹·
650 2604 711 2635 an
746 2588 1033 2652 frequentes
1074 2588 1274 2636 abortus
1316 2602 1345 2635 a
1381 2585 1656 2634 redditione

225 2655 383 2704 debiti·
405 2655 656 2703 mulierem
683 2656 900 2702 eximant
926 2657 943 2704 ἓ
1312 2681 1314 2685 κ

229 2757 241 2761 ,Δ
286 2722 354 2770 R.
387 2723 680 2786 qffirmative,
718 2723 864 2770 modo
890 2733 1051 2770 tamen
1082 2725 1145 2769 1⁰·
1183 2737 1243 2768 ex
1271 2718 1650 2784 culpa'mulieris

220 2805 319 2837 non
361 2794 575 2837 oriantur
619 2792 834 2837 abortus.
906 2790 1062 2837 Modo
1088 2790 1152 2835 2⁰·
1189 2804 1254 2836 ex
1294 2803 1442 2835 causa
1460 2801 1651 2849 perma-

223 2866 374 2905 nente
416 2867 466 2904 et
508 2860 749 2920 perpetuo
790 2867 1159 2919 perseveratura
1207 2854 1523 2919 proveniann
1569 2869 1661 2900 nec

226 2924 354 2973 enim
377 2924 554 2973 sufficit
593 2924 701 2987 illos
737 2940 869 2988 saepe
895 2923 1193 2988 contigisse,
1231 2923 1345 2985 quia
1368 2920 1660 2982 contingere

1490 2995 1657 3050 potest
