1846 3250
256 166 354 218 378
770 162 1223 219 ›TRAG'TATUS
1274 189 1278 191 ·

187 359 189 363 ,
255 311 346 360 est,
383 299 468 365 qui
499 302 580 349 25.
620 311 800 349 annum
838 303 1054 351 nondum
1085 304 1425 368 expleverunt,
1463 314 1513 354 et
1555 316 1685 369 qu'ae‘-

243 369 383 416 'ritur
417 373 577 415 utrum
627 385 797 417 eorum
840 372 1217 434 conjugia'sine
1263 383 1517 434 parentum
1567 387 1684 420 con*-

255 452 401 483 sensu
458 436 594 494 inita,
655 437 875 500 Legibus
935 439 1127 502 Regum
1189 450 1480 497 nostrorum,
1534 440 1682 488 etiam

258 503 420 566 quoad
466 505 803 563 substantiam,
841 506 1002 554 foedus
1051 517 1099 555 et
1151 507 1537 562 Sacramentum,
1581 507 1687 553 irri'-

255 580 435 628 tentur,
481 580 642 619 utrum
685 589 806 621 vero
841 574 1004 638 quoad
1047 574 1248 622 effectus
1292 574 1458 623 civiles
1493 583 1681 623 tantum

253 637 349 686 sint
373 638 623 688 invalida?
1189 638 1192 640 ’
1249 638 1251 641 ’

714 775 1141 825 PROPOSITIO
1196 775 1237 822 Ι.

262 908 514 959 Concilium
542 909 870 959 Tridentium
897 927 1009 959 sess.
1039 913 1118 959 24.
1144 928 1244 977 cap.
1280 914 1320 958 l.
1344 912 1401 959 de
1422 910 1683 975 Refbrmae.

322 985 485 1025 contra
534 979 798 1026 Novatores
848 980 1029 1042 definiit
1089 980 1403 1028 Matrimonia
1436 979 1679 1042 filiorum-

304 1044 533 1107 familz'as
581 1045 681 1093 sine
714 1061 936 1094 consensu
984 1047 1245 1094 Parentum
1286 1053 1541 1099 contracta,
1593 1056 1685 1092 non
1740 1059 1747 1066 “

323 1128 420 1160 esse
434 1129 530 1174 per
553 1129 601 1159 se
639 1119 683 1159 et
702 1113 821 1174 jure
855 1112 1068 1161 naturali
1098 1122 1181 1161 aut
1210 1113 1368 1160 divino
1408 1114 1565 1171 irrita,
1603 1127 1684 1159 nec

320 1197 374 1227 ea
396 1196 532 1244 posse
553 1177 650 1227 sola
676 1180 938 1228 Parentum
964 1179 1197 1229 voluntate
1220 1180 1423 1228 irritari.

321 1313 471 1363 Prob·
506 1329 569 1361 ex
592 1312 800 1362 Concilii
818 1313 994 1372 verbis,
1034 1330 1144 1378 quae
1161 1312 1355 1361 omnino
1379 1322 1492 1361 sunt
1516 1321 1686 1375 aperta

253 1398 313 1429 ac
354 1380 628 1429 manifesta.
699 1381 1006 1429 Palavicinus
1047 1382 1130 1430 lib.
1156 1383 1236 1428 2-2.
1262 1397 1373 1445 cap.
1401 1384 1449 1427 4.
1520 1378 1687 1427 Estius

253 1450 301 1495 in
329 1452 376 1496 4.
402 1448 515 1496 dist.
543 1451 624 1496 28.
661 1465 763 1512 par.
795 1453 844 1497 5.
883 1449 1038 1497 varias
1075 1449 1287 1497 rationes
1326 1447 1544 1495 referunt
1585 1446 1689 1508 qui-

253 1518 345 1564 bus
386 1518 556 1564 Patres
600 1516 874 1564 Tridentini
901 1517 1016 1564 moti
1042 1526 1155 1565 sunt
1192 1526 1245 1563 ut
1286 1516 1593 1563 declararent
1626 1526 1685 1561 ea

252 1584 560 1631 matrimonia
584 1600 673 1646 pro
699 1584 816 1630 ratis
839 1600 899 1631 ac
926 1585 1095 1632 validis
1121 1599 1227 1632 esse
1263 1582 1505 1631 habenda,
1574 1580 1689 1628 Nee

253 1651 507 1715 probabile
556 1660 646 1708 est,
702 1651 835 1714 quod
883 1660 1047 1698 tamen
1089 1650 1309 1698 nonnulli
1368 1649 1680 1705 arbitrantur,

249 1718 524 1768 Concilium
550 1718 646 1765 hoc
672 1718 893 1766 Decreto
929 1716 1194 1781 nequidem
1245 1717 1307 1764 de
1328 1732 1492 1764 errore
1520 1717 1683 1763 Nova-

255 1794 415 1833 torum
442 1785 703 1848 cogitasse,
742 1802 853 1833 cum
892 1785 1061 1833 nullibi
1101 1800 1245 1849 quam
1287 1784 1336 1830 in
1377 1800 1437 1831 eo
1462 1784 1684 1830 Decreto

258 1869 472 1901 errorem
499 1853 631 1899 illurn
658 1853 970 1917 perstringat.
1040 1853 1180 1901 Idem
1223 1850 1464 1900 constabit
1489 1850 1684 1913 insuper

257 1937 318 1969 ex
346 1920 679 1985 propositione
705 1921 947 1985 sequenti.

698 2055 1128 2105 PROPOSITIO
1169 2055 1239 2102 ΙΙ.

262 2190 509 2240 Probabile
532 2198 600 2238 est
622 2189 764 2239 citato
790 2192 994 2239 Decreto
1037 2190 1168 2238 unice
1199 2187 1388 2250 definiri
1419 2189 1691 2253 prcecedem

322 2259 515 2322 Dogma
556 2265 718 2305 contra
763 2259 1040 2313 Novatores,
1079 2274 1159 2304 nec
1190 2256 1350 2304 induci
1391 2254 1682 2318 disciplinam

319 2324 582 2390 generalem
608 2342 698 2388 qua
717 2324 929 2388 deinceps
946 2323 1262 2384 Matrimonia,
1264 2321 1688 2386 filiorunyfhmz'liae

324 2396 668 2441 sineconsensa
694 2392 957 2439 Parentum
994 2390 1130 2447 inita,
1164 2407 1253 2454 pro
1288 2390 1407 2436 ratis
1440 2405 1494 2436 ac
1518 2387 1684 2435 validis

325 2461 537 2507 habenda
562 2466 725 2516 essent,
760 2458 898 2506 etiam
923 2459 970 2507 in
1006 2457 1115 2506 locis
1148 2454 1226 2505 ubi
1247 2456 1451 2521 Legibus
1479 2454 1687 2504 civilibus

326 2528 651 2576 irritarentur.
708 2536 713 2550 ³
756 2548 760 2550 ·

321 2660 471 2710 Prob.
533 2663 610 2707 10·
646 2659 942 2710 ‘Concilium
979 2656 1316 2707 Tridentinum
1355 2657 1577 2721 profecto
1636 2656 1685 2703 in

258 2745 342 2778 eos
365 2730 494 2776 solos
519 2728 778 2775 anathema
817 2727 1054 2783 decernit,
1092 2726 1172 2790 qui
1197 2725 1506 2773 anathemate
1548 2721 1684 2787 digni

254 2806 397 2853 sunt;
431 2796 565 2860 atqui
612 2795 701 2843 soli
744 2796 1099 2851 Protestantes,
1136 2792 1215 2855 qui
1262 2793 1468 2840 filiorum
1516 2791 1684 2839 matri-

255 2865 420 2912 monia
475 2865 580 2911 sine
627 2877 867 2910 consensu
915 2872 1173 2926 parentum
1231 2860 1368 2917 inita,
1420 2860 1496 2907 vel
1544 2858 1680 2906 irrita

259 2947 380 2998 esse,
419 2931 495 2980 vel
542 2947 570 2979 a
623 2930 905 2995 parentibus
952 2928 1124 2978 irritari
1174 2944 1316 2997 posse
1363 2926 1679 2980 affirmabant,

1538 3001 1673 3039 erant
