1846 3250
561 186 658 235 DE
697 179 1198 233 MATRIMONIO.
1501 148 1601 230 487

160 331 324 388 potest
374 329 424 369 et
471 319 533 368 de
581 321 715 369 facto
749 333 1096 381 nonnunquam
1135 314 1446 380 contigitr'ut
1488 331 1597 378 quae

163 407 292 453 saepe
349 390 571 437 abortum
629 388 835 443 fecerat,
897 384 1161 449 aliquando
1206 384 1402 432 tandem
1460 383 1596 432 felici

164 460 299 507 exitu
334 456 506 520 pariat.
576 455 728 503 Porro
781 454 819 501 si
867 454 1042 500 mulier
1075 463 1276 516 propter
1310 452 1597 515 frequentes

165 528 363 573 abortus
389 541 453 572 ex
480 539 628 571 causa
652 530 969 586 permanente
994 530 1043 568 et
1086 531 1330 583 perpetuo
1369 535 1598 582 perseve-

162 603 328 640 ratura
362 590 721 655 provenientes,
760 606 789 637 a
829 588 1082 637 reddendo
1125 588 1292 636 debito
1335 587 1597 644 eximatur,

163 660 318 707 multo
343 660 500 706 minus
524 658 645 706 illud
688 657 891 720 exigere
931 665 1111 719 potest.
1163 655 1340 719 Igitur
1363 655 1513 703 debet
1548 654 1599 700 in

164 726 249 775 illo
285 742 402 775 casu
427 728 487 774 ab
514 742 603 773 usu
630 725 858 787 conjugal
895 739 1091 787 prorsus
1116 723 1378 771 abstinere.
1455 721 1597 770 Idem

163 794 427 843 dicendum
464 802 539 842 est
575 793 638 841 de
674 793 863 839 marito.
935 792 1083 838 Ratio
1126 800 1199 838 est
1242 791 1356 854 quia
1396 790 1600 838 abortus

166 873 240 911 est
275 862 456 910 malum
507 876 657 924 grave
708 859 841 923 quod
887 868 1095 923 uterque
1145 864 1327 921 conjux
1376 858 1596 907 devitare

165 931 329 979 debeu
1503 953 1506 956 ⁴

240 999 434 1054 Quaeres
459 999 524 1043 4⁰·
559 1010 619 1043 an
664 994 964 1058 temporibus
1006 992 1244 1041 menstrui
1291 993 1472 1049 fluxus,
1510 1008 1600 1056 pu-

168 1064 359 1128 erperii,
399 1073 448 1110 et
472 1062 738 1125 gravitatis,
777 1061 997 1109 debitum
1022 1060 1171 1109 licete
1196 1061 1298 1126 peti
1321 1071 1406 1110 aut
1425 1060 1599 1109 saltem

165 1132 306 1180 reddi
340 1129 493 1195 possit
517 1129 541 1176 P
1518 1155 1520 1157 >
1585 1134 1588 1139 ’

236 1200 313 1247 R.
347 1202 413 1245 1⁰·
451 1196 802 1246 ex-communi
844 1194 1177 1245 Casuistarum
1220 1195 1481 1255 sententia,
1524 1210 1601 1243 re·-

168 1265 405 1331 gulariter
444 1264 709 1328 loquendo,
746 1264 1034 1329 petitionem
1061 1264 1213 1313 debiti
1239 1265 1374 1313 hisce
1407 1272 1604 1327 'tempo-

168 1335 302 1382 ribus
339 1338 446 1381 es'se
492 1342 771 1395 peccatum.
840 1332 1084 1380 Pudicitia
1111 1332 1391 1399 conjugalis,
1443 1330 1604 1394 inquit

173 1402 225 1450 S.
253 1404 467 1464 August.
492 1400 576 1447 lib.
597 1403 643 1449 3.
680 1409 851 1448 contra
885 1398 1136 1447 Julianum
1163 1415 1207 1448 c.
1244 1404 1326 1448 214
1361 1417 1447 1449 nec
1478 1416 1606 1447 meu-

162 1470 381 1524 ⁴struatis‚
416 1484 499 1516 nec
516 1468 730 1532 gravidis
763 1468 913 1515 utitur
932 1467 1169 1531 foeminz'S.
1240 1469 1322 1516 De
1347 1466 1603 1532 puerperis

161 1553 303 1594 vero,
338 1551 427 1583 seu
459 1534 740 1582 recentibus
764 1550 793 1582 a
818 1544 976 1598 partu,
1013 1534 1084 1582 sic
1119 1535 1334 1600 loquitur
1372 1537 1422 1584 S.
1448 1535 1605 1597 Greg.

169 1620 280 1667 cap.
313 1601 400 1650 Ad
442 1605 557 1666 ejuS,
612 1602 723 1649 dist.
775 1606 822 1649 5.
876 1602 1010 1649 -Nisi
1059 1603 1364 1667 purgationis
1421 1610 1603 1667 tempus

161 1674 300 1738 prius
333 1669 592 1727 transierit,
631 1670 745 1718 viris
767 1669 865 1716 suis
888 1684 980 1715 non
1005 1669 1170 1717 debent
1194 1670 1456 1716 admisceri.
1526 1670 1608 1716 Ita

174 1741 224 1787 S.
250 1737 463 1784 Thomas
486 1735 536 1780 in
560 1739 608 1782 4.
652 1735 764 1781 dist.
806 1739 887 1781 81.
928 1748 987 1781 ac
1031 1734 1082 1781 S.
1120 1734 1382 1783 Antonius.
1454 1735 1603 1783 Ratio

171 1820 339 1853 eorum
366 1811 456 1859 est,
494 1800 608 1864 quia
649 1817 765 1849 usus
806 1800 1100 1847 matrimonii
1125 1799 1174 1846 in
1214 1802 1352 1849 hisce
1395 1802 1606 1850 circum-

171 1870 359 1920 stantiis
402 1878 478 1916 est
513 1869 763 1916 indecens.
838 1867 1047 1915 Addunt
1084 1870 1303 1916 nonnulli
1347 1885 1604 1918 accessum

160 1932 235 1988 *ad
272 1936 526 1984 mulierem
576 1944 925 1983 menstruatam
965 1934 1041 1982 vel
1089 1944 1340 1984 recentem
1379 1953 1408 1984 a
1457 1948 1603 2001 partu

169 2002 474 2070 generationi
511 2003 739 2066 bonoque
784 2001 933 2066 prolis
973 2018 1171 2059 nocere,
1208 2003 1423 2068 indeque
1471 2005 1606 2053 nasci

169 2073 357 2138 prolem
416 2079 752 2118 monstrosam.
855 2070 1041 2117 Verum
1100 2072 1394 2119 contrarium
1452 2073 1603 2136 vulgo

173 2148 416 2189 testantur
472 2137 658 2185 Medici
711 2153 770 2186 ac
815 2136 1044 2200 Chirurgi
1097 2138 1213 2187 artis
1265 2155 1366 2187 suae
1413 2140 1604 2204 peritis-

171 2223 295 2256 simi.
612 2235 615 2238 ⁴
1575 2219 1579 2227 ·

244 2271 580 2323 Communiter
613 2281 816 2321 censent
841 2271 1090 2319 Doctores
1115 2273 1311 2337 culpam
1337 2273 1468 2322 illam
1494 2289 1603 2323 esse

172 2340 510 2391 tantummodo
557 2340 811 2388 venialem.
904 2339 964 2386 Id
1015 2339 1063 2386 S.
1103 2341 1318 2389 Thomas
1367 2357 1601 2405 expresse

172 2410 222 2456 in
255 2410 367 2456 loco
402 2407 554 2454 citato
588 2408 760 2470 asserit
807 2406 870 2454 de
917 2421 1121 2454 accessu
1157 2408 1244 2454 viri
1289 2408 1353 2456 ad
1400 2415 1602 2457 uxorem

170 2475 438 2540 gravidam.
967 2494 970 2496 >

243 2541 359 2590 Dixi
393 2550 579 2598 autem‚·
609 2539 896 2606 regulariter
925 2539 1170 2605 loquendo,
1218 2542 1332 2607 quia
1371 2542 1475 2592 fieri
1518 2560 1605 2607 po-

156 2620 271 2658 -test
295 2618 350 2656 ut
374 2609 521 2671 culpa
542 2608 627 2656 illa
657 2607 849 2656 lethalis
873 2610 1066 2665 evadat,
1103 2609 1142 2656 si
1174 2609 1404 2659 videlicet
1428 2613 1605 2675 proba-

169 2676 365 2725 bile-sit
404 2676 676 2740 periculum
718 2674 943 2737 ejiciendi
980 2674 1155 2723 foetum
1191 2677 1337 2726 etiam
1372 2679 1604 2727 inanima-

176 2755 297 2792 tum.
367 2743 538 2790 Potest
562 2759 756 2805 quoque
794 2741 899 2791 fieri
934 2751 986 2790 ut
1013 2743 1186 2806 petitio
1224 2744 1377 2793 debiti
1416 2746 1478 2793 sit
1514 2746 1603 2792 im·

173 2810 332 2858 munis
373 2825 402 2857 a
443 2810 604 2874 culpa,
639 2809 864 2857 nimirum
899 2809 938 2856 si
962 2809 1127 2859 fluxus
1161 2811 1210 2859 in
1235 2812 1439 2860 muliere
1470 2822 1602 2860 esset

176 2876 318 2940 quasi>
345 2887 628 2940 perpetuus,
680 2877 882 2941 viroque
923 2893 1072 2940 grave
1112 2878 1387 2928 immineret
1432 2879 1601 2928 incon·

175 2943 390 2994 tinentiae
414 2943 703 3009 periculum,
739 2944 871 3010 quod
896 2945 977 2991 vix
1014 2944 1155 2996 aliter
1178 2946 1389 2998 amoveri
1413 2956 1598 3012 posset.

280 3023 283 3025 ’
371 3044 373 3046 -
852 3011 896 3060 Τ
912 3020 933 3060 t
958 3013 988 3059 3
1465 3014 1529 3064 R.
1555 3015 1601 3062 2.
