1846 3250
228 179 340 226 466-
706 174 1153 225 *TRACTATUS

292 312 357 360 R.
388 311 460 357 1⁰·
480 327 526 358 n.
544 316 642 356 ant.
672 308 1060 357 Debitum-enim
1080 308 1415 373 pecuniarium
1433 326 1520 375 per
1537 310 1657 362 Pro-

222 378 485 426 fessionem
535 376 810 439 religiosam
882 377 1188 443 extinguitur
1257 389 1485 441 respectu
1533 378 1670 427 illins-

225 446 307 507 qui
332 445 464 492 illam
489 444 822 507 amplectitur.
918 444 1103 493 Verum
1143 443 1271 492 sicut
1309 455 1422 509 post
1452 457 1659 494 mortem

224 512 496 560 naturalem
534 521 764 559 tenentur
800 511 1019 559 haeredes
1066 511 1262 559 nomine
1298 512 1520 569 defuncti
1566 514 1688 561 sol-v

223 596 357 635 vere,
392 579 461 626 ita
507 589 615 640 post
664 587 869 625 mortem
914 578 1214 642 spiritualem
1261 579 1325 626 ad
1371 579 1660 628 solvendum

222 645 418 694 nomine
447 645 684 708 Religiosi
709 654 938 692 tenentur
980 646 1014 691 ii
1054 645 1116 692 ad
1150 660 1273 706 quos
1296 646 1508 708 pertinet
1530 646 1660 695 illius

221 713 272 761 in
306 714 488 762 saeculo
525 712 800 769 haereditas,
843 714 920 760 vel
969 712 1329 760 Monasterium
1376 713 1552 776 ipsum,
1594 730 1657 762 ne

221 791 470 845 praetextu
521 778 792 844 Religionis
841 779 1101 827 Proximus
1162 778 1512 828 detrimentum
1573 797 1660 845 pa-

221 849 387 897 tiatur.

292 918 371 963 20·
411 914 545 981 Nego
580 931 758 980 conseq.
794 923 838 962 et
891 914 1164 980 paritatem.
1259 913 1536 977 Disparitas
1583 925 1661 964 est

224 983 339 1047 quia
364 986 547 1046 conjux
574 981 794 1029 debitum
820 998 918 1028 non
944 981 1191 1029 contraxit
1211 981 1297 1029 nisi
1318 982 1522 1029 subhac
1542 987 1679 1030 coni

223 1050 407 1098 ditione
450 1050 600 1098 tacita
636 1048 770 1112 quod
805 1065 904 1096 non
941 1060 1144 1096 vocatus
1180 1048 1328 1097 fuerit
1372 1049 1434 1097 ad
1475 1058 1656 1097 statum

220 1116 566 1181 perfectiorem
593 1114 746 1178 qualis
772 1126 847 1163 est
871 1115 1143 1178 religiosus.
1213 1115 1453 1164 Debitum
1490 1125 1656 1165 autem

222 1184 560 1249 pecuniarium
584 1183 719 1230 nulla
742 1181 1024 1230 conditione
1050 1192 1358 1231 contractum
1383 1191 1475 1231 est.

294 1252 398 1316 obj.
433 1255 518 1300 90·
554 1251 646 1299 Jus
682 1249 899 1297 divinum
934 1266 1031 1297 non
1067 1259 1229 1313 potest
1247 1250 1344 1313 Juri
1370 1249 1532 1297 divino
1570 1251 1658 1300 ad-

220 1319 434 1367 versari:
471 1319 608 1382 atqui
655 1316 1011 1378 matrimonium
1038 1327 1194 1364 ratum
1220 1333 1285 1365 ex
1311 1321 1424 1379 Jure
1448 1318 1657 1367 naturali

222 1386 557 1434 indissolubile
582 1393 688 1440 est;
725 1401 845 1448 ergo
871 1383 1067 1431 dissolvi
1092 1393 1273 1448 potest.

288 1453 355 1502 R.
381 1471 427 1502 n.
452 1454 564 1502 min.
599 1462 801 1516 propter
827 1452 1040 1500 rationes
1064 1451 1111 1501 in
1136 1451 1357 1501 sectione
1389 1449 1545 1516 prima
1566 1432 1657 1501 hu·

209 1525 291 1583 jus
317 1520 488 1585 capitis
518 1520 704 1570 allatas
763 1550 776 1563 .

286 1587 406 1636 Inst.
447 1591 521 1633 10·
559 1585 927 1635 Matrimonium
967 1586 1138 1635 saltem
1169 1591 1281 1649 Jure
1305 1585 1470 1638 divino
1506 1582 1656 1635 indis-

217 1655 425 1704 solubile
461 1662 556 1708 est,
589 1654 661 1700 uti
697 1664 842 1700 antea
878 1639 1077 1700 dictum
1101 1664 1205 1702 est:
1259 1653 1393 1717 atqui
1428 1652 1480 1700 id
1521 1653 1652 1716 quod

218 1731 293 1771 est
319 1721 443 1784 juris
487 1719 652 1775 divini,
706 1735 805 1766 non
858 1729 1021 1782 potest
1075 1720 1272 1768 dissolvi
1309 1736 1395 1784 per
1457 1720 1652 1768 Profes-

214 1789 406 1837 sionem
452 1787 729 1851 religiosam
772 1802 884 1835 cum
918 1786 1026 1837 haec
1060 1787 1124 1835 sit
1163 1788 1285 1849 juris
1327 1786 1650 1837 ecclesiastici

213 1866 425 1905 tantum.

284 1923 353 1971 BL
379 1923 496 1973 dist.
530 1926 641 1987 maj.
680 1919 1051 1969 Matrimonium
1100 1921 1399 1984 completum
1443 1929 1494 1970 et
1534 1937 1652 1970 con-

206 2001 510 2039 summatum
538 1994 651 2052 Jure
687 1988 851 2036 divino
888 1999 961 2036 est
996 1987 1347 2045 indissolubile,
1379 2003 1502 2037 cone.
1548 2004 1647 2035 non

213 2058 536 2121 completum,
584 2072 680 2103 non
729 2064 1137 2112 consummatum,
1189 2072 1292 2121 neg.
1351 2055 1487 2119 Ergo
1536 2071 1648 2104 cum

207 2126 441 2174 asseritur
468 2122 824 2172 matrimonium
852 2138 949 2170 non
992 2132 1381 2170 consummatum
1418 2138 1506 2185 per
1531 2122 1652 2170 Pro·

204 2191 469 2240 sessionem
504 2190 782 2253 religiosam
820 2188 1032 2245 dissolvi,
1062 2189 1159 2251 Juri
1198 2188 1362 2236 divino
1395 2205 1492 2236 non
1531 2204 1648 2237 con-

211 2258 484 2307 tradicitur.
557 2258 639 2304 Sic
665 2257 811 2304 etiam
838 2272 934 2303 non
959 2256 1151 2303 laeditur
1167 2260 1249 2317 J'us
1275 2254 1506 2314 divinum,
1532 2272 1645 2304 cum

212 2326 389 2373 dicitur
430 2323 785 2371 matrimonium
830 2323 975 2370 etiam
1018 2333 1407 2370 consummatum
1448 2322 1645 2370 dissolvi

203 2402 416 2457 propter
467 2390 805 2439 infidelitatem
865 2388 1166 2451 pertinacem
1232 2388 1373 2436 unius
1421 2389 1642 2452 conjugis

210 2460 260 2506 in
288 2476 405 2508 casu
426 2457 647 2506 Infidelis
671 2457 732 2505 ad
760 2455 929 2504 Fidem
955 2457 1189 2514 conversi,
1228 2465 1282 2503 ut
1323 2465 1470 2504 antea
1505 2465 1644 2504 nota-

211 2527 383 2574 vimus.

200 2633 206 2642 ,
283 2593 387 2658 ΟρῘ.
429 2596 538 2642 100·
574 2589 942 2638 Matrimonium
986 2589 1133 2637 etiam
1174 2598 1333 2638 ratum
1358 2605 1525 2638 verum
1567 2600 1643 2639 est

212 2660 581 2709 Sacramentum
619 2668 668 2705 et
703 2658 895 2721 signum
933 2657 1123 2705 unionis
1166 2656 1346 2706 Christi
1384 2673 1495 2705 cum
1544 2656 1642 2705 Ec-

198 2726 391 2775 ,clesiae
417 2725 581 2803 ,ξηραὶ
621 2725 989 2778 Sacramentum
1026 2740 1123 2772 non
1159 2733 1322 2787 potest
1356 2723 1495 2783 solvi,
1542 2739 1637 2773 nec

209 2794 379 2842 violari
400 2791 592 2856 signum
618 2791 805 2846 unionis
834 2789 1013 2840 Christi
1039 2807 1150 2839 cum
1177 2790 1419 2839 Ecclesia.

277 2860 345 2909 R.
379 2861 446 2908 ad
482 2862 525 2906 1.
573 2860 681 2907 dist.
737 2860 850 2906 min.
912 2858 1281 2906 Sacramentum
1329 2874 1426 2906 non
1475 2867 1639 2920 potest

203 2926 343 2988 solvi,
378 2926 431 2976 id
465 2935 558 2989 est,
594 2925 722 2977 effici
756 2941 853 2975 non
888 2934 1051 2991 potest
1087 2935 1141 2975 ut
1175 2924 1299 2973 illud
1337 2930 1435 2975 non
1468 2923 1634 2981 fuerit,

1512 3007 1636 3042 conc.
