1846 3250
281 168 378 217 266
792 168 1222 220 TRACTATUS
1289 167 1295 170 ’

274 329 278 333 -
345 305 412 352 R.
448 320 545 352 non
580 304 1048 367 semper’sufficere.
1138 304 1264 353 Nam
1307 305 1380 354 1⁰·
1433 303 1471 353 si
1509 303 1702 354 contra-

277 372 496 419 hentium
558 372 680 429 alter
731 371 809 419 vel
864 382 1071 435 uterque
1130 383 1460 420 commoretur
1508 371 1561 419 in
1600 375 1705 436 An·-

277 453 418 494 nexa,
457 454 566 502 quae
590 454 767 501 nempe
792 438 853 486 ab
895 438 989 486 alia
1030 439 1357 503 principaliori
1387 456 1472 487 seu
1499 437 1703 488 matrice

277 505 503 553 Ecclesia
528 505 757 569 pendeat,
796 521 909 553 usus
951 506 1241 570 quibusdam
1276 508 1322 553 in
1347 505 1704 555 locis'obtinuit

276 582 332 620 ut
352 577 373 586 ““
390 573 550 620 banna
606 572 655 618 in
715 583 921 636 utraque
982 573 1209 621 Ecclesia
1265 573 1702 636 proclaniarentur;

279 640 402 688 Aliis
427 639 661 688 tamenin
710 639 830 688 locis
869 639 964 688 alia
986 640 1121 704 viget
1162 641 1469 689 consuetudo
1507 657 1615 704 quae
1650 640 1700 688 in

274 707 415 771 praxi
441 707 654 756 tenenda
676 716 768 754 est.
1494 707 1496 711 ’
1684 745 1687 747 μ

344 773 425 821 20²
466 775 516 823 Si
551 775 896 822 contrahentes
946 773 1243 822 diversarum
1303 774 1399 822 sint
1439 772 1699 833 Paro-Chia·

274 858 399 900 rum,
436 841 485 889 in
522 851 729 905 utraque
763 842 1036 889 bannorum
1090 843 1194 890 fieri
1248 841 1396 891 debet
1431 841 1701 905 proclama-

275 911 359 957 tio.
826 919 830 922 ’
1392 941 1395 943 -
1680 944 1684 947 s

278 1008 280 1010 μ
346 979 419 1025 30·
457 976 508 1025 Si
543 975 908 1033 contrahentes,
945 975 1065 1025 licet
1121 976 1170 1022 in
1229 977 1400 1025 eadem
1441 976 1700 1026 Parochia-

272 1055 521 1100 maneant,
557 1044 800 1092 sufficiens
843 1053 1006 1091 tamen
1050 1043 1347 1092 domicilium
1387 1045 1451 1091 ibi
1483 1043 1698 1092 nondum

272 1110 634 1175 acquisiverint,
673 1113 832 1158 banna
856 1110 1189 1158 denuntianda
1213 1122 1325 1158 sunt
1351 1121 1454 1158 tum
1491 1111 1539 1157 in
1576 1127 1697 1175 prae-

270 1178 493 1226 cedentis
517 1190 619 1226 tum
646 1177 693 1224 in
719 1178 969 1241 praesentis
994 1178 1224 1225 domicilii
1252 1178 1506 1226 Parochia.

339 1246 418 1292 4⁰·
459 1246 508 1294 Si
545 1261 654 1308 pars
690 1260 802 1301 una,
839 1247 915 1292 vel
954 1255 1175 1308 utraque,
1228 1262 1290 1292 ex
1339 1245 1432 1292 alia
1479 1244 1697 1300 Dioecesi

270 1311 476 1369 venerit,
513 1327 604 1359 nec
630 1312 675 1357 in
706 1312 942 1359 Parochia
968 1312 1049 1359 ubi
1070 1328 1201 1359 nunc
1228 1312 1378 1374 degit,
1404 1327 1491 1374 per
1516 1328 1694 1360 annum

269 1380 515 1442 integrum
542 1378 864 1434 habitaverit3
900 1380 976 1426 vel
1014 1379 1053 1425 si
1102 1396 1162 1426 ex
1204 1379 1442 1426 ParOchia
1479 1379 1695 1440 ejusdem

271 1446 514 1494 Dioecesis
550 1446 599 1492 in
640 1447 782 1493 aliam
844 1446 1140 1509 migraverit,
1200 1443 1292 1494 nec
1350 1447 1397 1492 in
1460 1446 1700 1493 Parochia

271 1529 415 1576 quam
442 1525 557 1562 actu
583 1514 766 1570 incolit,
804 1530 891 1577 per
912 1530 1001 1561 sex
1030 1530 1220 1561 menses
1247 1514 1516 1575 completos
1548 1513 1697 1561 fuerit

269 1592 602 1635 commorata;
638 1590 757 1628 tunc
797 1597 893 1627 non
931 1581 1249 1628 censeturvibi
1275 1581 1516 1628 sufficiens
1542 1580 1695 1628 domi-

269 1647 435 1695 cilium
472 1647 801 1709 acquisivisse,
861 1647 1095 1709 adeoque
1144 1649 1303 1695 banna
1360 1664 1456 1695 non
1507 1658 1693 1695 tantum

269 1715 602 1762 denuntianda
625 1723 739 1774 sunt
775 1714 823 1760 in
848 1714 1028 1761 actuali
1053 1714 1334 1771 domicilio,
1377 1714 1464 1761 sed
1500 1714 1695 1778 insuper

266 1782 316 1827 in
355 1781 596 1829 Parochia
653 1796 795 1844 quam
854 1791 969 1828 ante
1028 1781 1363 1842 migrationem
1426 1781 1691 1830 habitabat.

271 1850 349 1895 Ita
374 1864 602 1912 expresse
626 1848 865 1895 sancitum
892 1860 966 1895 est
993 1848 1172 1895 Edicto
1199 1847 1437 1896 Ludovici
1465 1848 1601 1900 XJV.
1628 1865 1688 1896 an

273 1919 418 1972 1697,
457 1916 588 1979 quod
626 1930 713 1979 per
755 1925 911 1963 totum
951 1915 1125 1963 Galliae
1167 1931 1371 1979 regnum
1396 1915 1568 1963 sedulo
1592 1913 1691 1964 'ser-

266 1984 368 2031 vari
393 1983 559 2031 debet,
1500 2020 1503 2021 γ
1663 2019 1665 2021 -

335 2052 483 2104 Quod
519 2049 556 2097 si
578 2048 936 2097 ”commoratio
967 2048 1176 2113 partium
1212 2049 1259 2096 in
1299 2061 1504 2115 utraque
1545 2050 1690 2099 Paro-

266 2117 377 2166 chia
411 2119 457 2163 in
497 2132 594 2181 qua
651 2116 821 2164 ultimo
878 2118 1175 2174 habitarunt,
1235 2133 1324 2166 sex
1382 2133 1573 2166 menses
1606 2127 1690 2166 aut

262 2200 441 2232 annum
478 2186 540 2231 ad
578 2184 887 2230 domicilium·
937 2184 1219 2248 requisitum
1275 2202 1372 2232 non
1409 2184 1688 2241 constituat,

265 2251 564 2315 Episcopum
601 2267 740 2298 suum
777 2251 997 2297 consulat
1057 2252 1095 2297 si
1156 2256 1293 2311 quus
1330 2263 1404 2299 est
1439 2252 1688 2299 celebrare
1711 2302 1725 2309 k

265 2318 642 2373 matrimonium,
679 2318 739 2365 ab
776 2334 934 2379 eoque
976 2317 1240 2374 licentiam,
1283 2319 1376 2374 vel,
1415 2329 1468 2365 ut
1504 2317 1582 2365 alii
1619 2317 1696 2364 dia

265 2397 402 2441 cunt,
438 2384 670 2433 domicilii
727 2382 1135 2448 dispensationem
1200 2385 1261 2431 ad
1332 2384 1686 2432 matrimonium

264 2453 611 2505 celebrandum
671 2452 905 2509 obtineat,
970 2451 1058 2498 nisi
1118 2452 1276 2498 banna
1336 2451 1686 2502 denuntientur

261 2522 311 2566 in
337 2521 456 2568 locis
484 2520 564 2567 ubi
590 2529 734 2567 antea
764 2535 851 2581 per
891 2517 1082 2581 aliquod
1122 2518 1354 2583 temporis
1379 2519 1683 2567 intervallum

263 2586 424 2635 animo
449 2586 782 2635 commorandi
807 2595 1109 2634 manserunt..

331 2657 415 2702 50·
456 2654 505 2701 Si
531 2651 693 2715 partes
719 2654 1062 2701 contrahentes
1103 2652 1288 2714 aequale
1322 2652 1518 2701 circiter
1565 2654 1685 2701 duo-

261 2722 353 2768 bus
377 2720 426 2766 in
464 2720 924 2768 locis*d0micilium
962 2720 1158 2774 habent,
1195 2721 1355 2767 banna
1389 2721 1436 2767 in
1476 2730 1683 2784 utroque

262 2787 509 2836 domicilio
534 2787 888 2850 promulganda
912 2797 1038 2834 sunt.
1110 2787 1286 2835 Monet
1305 2820 1309 2824 ‹
1329 2788 1546 2836 Collator
1580 2791 1684 2843 An-

262 2853 550 2917 degavensis
588 2869 671 2902 eos
708 2855 792 2917 qui
849 2859 1077 2916 majorem
1115 2853 1226 2920 anni
1264 2864 1450 2918 partem
1493 2854 1683 2903 ruribus

262 2932 431 2986 agunt,
456 2922 517 2970 ab
543 2922 635 2970 hac
661 2920 841 2985 duplici
866 2921 1259 2987 promulgatione
1283 2937 1380 2971 non
1405 2920 1569 2982 eximi,
1594 2921 1683 2968 sub

1623 3001 1682 3034 eo
