1846 3250
214 156 340 203 202‘
720 122 1144 203 TnAcTATUs

209 279 312 328 sine
346 277 480 342 gravi
516 286 722 341 peccato
778 287 970 343 poterat
1026 278 1268 330 abstinere
1310 281 1370 329 ab
1406 282 1619 333 ineundo

207 364 318 395 cum
358 347 462 393 Eva
496 345 827 394 Matrimonio.
914 348 1115 397 Poterat
1138 349 1265 397 enim
1301 366 1441 398 suum
1473 368 1533 409 ea
1556 353 1619 401 de

205 432 259 462 re
283 413 592 477 suspendere
604 430 909 473 consensum,
947 416 1105 465 donec
1145 434 1233 481 per
1272 419 1618 469 revelationem

206 481 456 530 didicisset
478 498 540 530 an
566 482 705 530 Deus
728 483 875 532 vellet
913 485 1126 548 speciem
1166 486 1420 534 humanam
1446 505 1621 553 pr-opa

204 567 338 614 gare,
375 566 436 598 an
471 551 619 599 vellet
653 550 781 599 illam
832 568 1103 616 propagare
1151 553 1232 601 hic
1281 564 1332 602 et
1366 571 1495 604 nunc
1530 573 1624 621 per

203 619 329 666 viam
372 619 711 683 generationis
750 636 811 668 an
834 636 950 668 vero
981 638 1069 685 per
1093 621 1388 669 creationem
1415 624 1617 672 aliorum

204 685 484 735 hominum.
472 688 497 719 9
571 687 774 736 Poterat
808 688 964 747 Deus,
1001 688 1083 754 qui
1121 689 1236 736 nihil
1261 700 1425 754 potest
1449 704 1624 741 contra

202 756 312 803 Jus
341 756 578 812 naturale,
638 756 896 820 prohibere
949 773 1011 805 ne
1063 774 1274 821 unquam
1313 758 1533 807 Adamus
1568 772 1620 808 et

204 824 310 872 Eva
354 823 480 873 inter
518 840 571 872 se
610 824 767 872 carnis
815 824 1173 873 commercium
1189 826 1461 886 haberent,
1489 827 1617 876 sicut

203 890 359 941 v'etuit
382 909 444 940 ne
469 902 604 941 certo
627 892 791 940 fructu
817 903 1148 942 vescerentur.
1188 902 1190 904 ’

262 963 352 1007 2⁰·
390 960 439 1008 Si
459 962 581 1009 Jure
607 962 812 1009 naturali
849 961 1020 1009 stricto
1056 972 1104 1009 et
1128 960 1344 1026 singulos
1370 931 1616 1027 obligante

202 1028 571 1077 Matrimonium
614 1028 727 1076 olim
762 1028 932 1077 fuisset
969 1030 1277 1094 imperatum,
1310 1047 1444 1078 nunc
1470 1032 1617 1080 etiam

202 1113 371 1144 omnes
427 1097 493 1145 ad·
553 1096 921 1145 Matrimonium
970 1097 1319 1161 obligarentur,
1371 1115 1481 1146 cum
1524 1100 1616 1148 Jus

201 1165 422 1213 naturale
462 1165 683 1213 strictum
722 1181 782 1213 ac
817 1166 1038 1230 ⁴singulos
1068 1165 1401 1232 obligan-s‚·sit
1442 1166 1614 1215 immu-

202 1233 366 1283 tabile.
451 1232 605 1297 Atqui
629 1232 801 1281 falsum
826 1244 898 1281 est
926 1250 984 1282 ac
1014 1233 1151 1282 Fidei
1183 1235 1477 1296 evangelicae
1503 1252 1618 1283 con-

200 1301 414 1357 trarium,
434 1317 565 1349 nunc
590 1317 756 1349 omnes
781 1301 843 1349 ad
868 1301 1233 1350 Matrimonium
1260 1301 1480 1365 obligari,
1502 1319 1615 1351 cum

201 1368 451 1433 virginitas
476 1385 535 1417 eo
560 1367 621 1416 sit
641 1369 978 1427 excellentior,
1011 1381 1065 1418 ut
1096 1381 1265 1433 postea
1290 1370 1618 1419 ostendemus.

269 1439 348 1484 3⁰·
389 1438 439 1486 Si
481 1436 848 1485 Matrimonium
889 1439 1011 1486 Jure
1048 1438 1254 1486 naturali
1291 1437 1461 1486 stricto
1493 1455 1614 1503 prae-

202 1516 399 1570 ceptum
424 1516 569 1564 esset,
606 1506 818 1554 maxime
860 1506 973 1570 quia
1013 1506 1131 1553 illud
1155 1507 1480 1554 necessarium
1499 1507 1633 1555 fuis„

198 1585 274 1621 set
320 1573 383 1620 ad
429 1572 620 1637 generis
661 1573 856 1621 humani
891 1574 1308 1639 propagationem.
1377 1575 1526 1623 Porro
1562 1576 1615 1622 id

201 1643 263 1689 ad
300 1657 541 1689 summum
576 1642 750 1705 probat
792 1642 1158 1690 Matrimonium
1199 1642 1347 1690 fuisse
1392 1659 1625 1691 necessa-.

200 1709 323 1758 rium
363 1708 695 1758 communitati
730 1709 994 1768 hominum,
1046 1726 1143 1757 non
1179 1726 1294 1757 vero
1336 1710 1456 1758 illud
1496 1729 1614 1775 prae-

201 1789 346 1842 cepto
387 1777 593 1826 naturali
633 1776 804 1826 stricto
845 1787 896 1825 et
932 1778 1147 1842 singulos
1185 1778 1431 1841 obligante
1463 1778 1612 1827 fuisse

196 1846 505 1910 imperatum.
613 1845 845 1899 Quamvis
881 1846 1008 1893 enim
1041 1845 1405 1894 Matrimonium
1431 1863 1524 1894 non
1551 1847 1613 1895 sit

197 1914 485 1979 imperatum
523 1924 768 1978 praecepto
820 1915 1030 1962 naturali
1081 1914 1252 1961 stricto
1306 1923 1356 1961 et
1396 1914 1612 1978 singulos

200 1983 465 2046 obligante,
492 1982 697 2041 De02ita
719 1981 1024 2045 providente,
1055 1981 1403 2046 suppositaque
1428 1983 1615 2031 diversa

196 2051 445 2098 hominum
466 2050 824 2114 complexione,
857 2050 995 2098 multi
1020 2066 1212 2113 semper
1246 2050 1613 2099 Matrimonium

199 2119 396 2183 eligent,
454 2119 677 2181 adeoque
713 2129 850 2166 certo
894 2119 1241 2182 propagabitur
1283 2119 1492 2167 humana
1538 2135 1614 2167 so-

196 2187 348 2235 boles.
421 2187 502 2235 Sic
543 2186 841 2249 agricultura
871 2185 1117 2234 hominum
1161 2186 1494 2235 communitati
1526 2203 1613 2234 ne-

199 2254 408 2304 cessaria
443 2265 534 2308 est,
569 2270 662 2302 nec
699 2253 909 2302 defuturi
965 2264 1077 2302 sunt
1132 2254 1377 2317 quiillam
1413 2255 1612 2318 eligant,

197 2323 414 2387 quamvis
447 2322 648 2386 sing'ulis
704 2320 978 2371 necessaria
1030 2337 1128 2369 non
1177 2320 1255 2381 sit,
1307 2336 1401 2369 nec
1435 2321 1612 2386 singuli

197 2409 304 2440 eam
330 2390 512 2455 eligere
531 2400 803 2439 teneantur.

266 2459 549 2507 Notandum
606 2469 681 2506 est
734 2457 913 2506 multos
962 2457 1240 2521 Theologos
1304 2457 1432 2505 inter
1491 2457 1611 2522 quos

200 2528 381 2585 Estius,
432 2527 708 2584 Turnelius,
743 2525 957 2575 asserere
994 2526 1358 2574 Matrimonium
1406 2526 1614 2574 naturali

199 2596 339 2659 Lege
364 2612 469 2643 esse
495 2605 792 2659 praeceptum
814 2615 826 2651 ;
867 2594 1015 2658 idque
1056 2595 1263 2657 probant
1287 2610 1351 2643 ex
1374 2592 1615 2642 inclinati-

201 2680 293 2711 one
318 2673 502 2711 naturae
525 2663 746 2711 humanae
784 2662 847 2711 ad
891 2662 1305 2710 conservationem
1349 2662 1424 2709 sui
1446 2662 1612 2727 ipsius,

200 2742 251 2779 et
275 2747 339 2778 ex
382 2747 441 2778 eo
481 2730 613 2794 quod
652 2731 700 2777 in
739 2729 985 2779 Societate
1028 2730 1236 2778 h'umana
1274 2730 1492 2795 quaedam
1517 2729 1614 2779 sint

200 2815 348 2864 opera
370 2798 497 2856 viris,
533 2799 753 2863 quaedam
782 2797 1060 2846 mulieribus
1085 2797 1428 2862 competentia.
1512 2798 1611 2845 Ve-

201 2885 307 2915 rum
332 2866 409 2924 isti
435 2866 674 2929 Theologi
713 2865 992 2928 neutiquam
1033 2882 1061 2915 a
1083 2867 1257 2915 nobis
1238 2884 1295 2913 1n
1314 2866 1383 2914 rei
1408 2866 1610 2914 veritate

200 2937 442 2986 differunt.
534 2934 643 2984 Nec
669 2934 795 2984 enim
828 2934 1061 2985 affirmant
1095 2935 1462 2984 Matrimonium
1486 2948 1608 2998 prae-

1509 2999 1604 3062 cipi
