1846 3250
569 161 664 210 DE
704 158 1207 209 MATRIMONIO.
1498 164 1597 213 205

251 289 580 341 Tertullianus
603 286 687 335 lib.
715 290 758 334 1.
784 287 845 334 ad
872 287 1109 345 Uxorem,
1147 286 1358 352 Virgines
1398 280 1511 339 dicit
1542 291 1599 339 de

160 360 362 425 familia
385 356 591 423 angelica
617 354 847 421 deputari.
1288 408 1294 416 1

256 430 304 477 S.
330 426 542 492 Cyprian
567 424 675 472 Lib:
704 423 766 471 de
802 421 989 470 Habitu
1014 421 1268 485 virginum,
1302 423 1408 471 illas
1433 425 1599 490 appel-

183 499 251 544 lat
265 496 441 561 florem
459 491 750 542 ecclesiastici
766 490 1007 556 germiniS,
1027 489 1325 540 illustriorem
1334 494 1598 557 portionem

176 565 334 631 gregis
363 562 555 619 Christi,
581 558 778 625 Angelis
803 558 901 607 Dei
922 558 971 605 in
994 559 1135 606 terris
1159 557 1370 624 oequales.

254 631 380 679 Vide
428 631 625 694 insuper
665 628 714 675 S.
758 627 985 675 Ambros.
1028 626 1110 672 lib.
1142 629 1182 673 1.
1215 627 1277 674 de
1303 627 1599 692 Virginibus,

185 698 532 764 Augustinum‚
567 696 677 746 Lib.
717 697 775 745 de
812 702 974 743 sancta
1016 693 1313 759 Virginitate‚
1356 696 1602 763 Hierony-

185 785 319 816 mum
356 766 515 816 Libris
553 765 743 813 duobus
798 773 968 811 contra
1017 761 1343 821 Jovinianum,
1393 765 1605 829 Fulgen-

187 837 307 886 tium
351 835 504 899 Epist.
547 839 595 883 3.
634 832 695 882 ad
736 833 965 890 Probum,
994 830 1409 896 Chrysostomum,
1448 836 1605 883 Atha-

187 906 389 960 nasium,
417 908 505 951 &o
1143 961 1146 965 .

258 977 323 1022 6⁰.
359 972 601 1020 Probatur
638 967 809 1018 eadem
850 965 1117 1033 propositio
1155 982 1219 1014 ex
1260 983 1320 1015 eo
1354 970 1487 1032 quod
1518 972 1606 1020 Jo-

185 1041 404 1103 vinianus
441 1039 522 1102 qui
555 1037 824 1085 doctrinam
863 1036 1135 1100 oppositam
1191 1037 1436 1097 tuebatur,
1474 1038 1602 1088 inter

189 1105 467 1157 Haereticos
490 1106 758 1155 recensitus
782 1104 946 1153 fuerit.

258 1176 323 1230 7⁰.
361 1176 436 1223 Ex
479 1174 665 1223 Concil.
702 1172 925 1227 Trident.
978 1187 1097 1220 sess.
1136 1173 1215 1219 24.
1257 1188 1365 1221 can.
1409 1177 1484 1223 10.
1521 1175 1604 1223 ubi

187 1244 258 1292 sic
284 1245 459 1307 legitur
485 1261 498 1291 :
538 1243 590 1292 Si
614 1242 714 1308 quis
738 1242 909 1291 dixerit
944 1248 1111 1289 statum
1148 1241 1436 1306 cory'ugalem
1473 1252 1606 1292 ante-

188 1314 447 1379 ponendum
493 1328 587 1360 esse
629 1311 774 1358 statui
813 1308 1118 1374 virginitatis,
1172 1309 1244 1357 vel
1275 1309 1524 1370 coelibatus,
1561 1320 1608 1361 et

191 1399 281 1429 non
306 1397 402 1429 esse
424 1378 584 1427 melius
607 1394 661 1426 ac
697 1378 871 1426 beatius
915 1393 1103 1425 manere
1140 1378 1189 1425 in
1221 1377 1490 1443 virginitate
1523 1388 1608 1430 aut

189 1449 417 1505 coelz‘batu,
453 1464 588 1512 quam
606 1446 759 1511 jungi
785 1444 1110 1500 MatrimoniO,
1135 1445 1382 1494 anathema
1407 1449 1483 1496 sit.

260 1521 326 1565 8⁰.
363 1516 583 1565 Christus
625 1514 865 1561 Dominus
906 1512 1142 1575 virginem
1191 1525 1397 1562 matrem
1438 1515 1607 1580 elegit,

190 1587 393 1650 ipseque
430 1581 755 1646 virginitatem
791 1591 1030 1644 perpetuo
1069 1580 1249 1637 coluit3
1284 1581 1432 1645 igitur
1462 1584 1608 1648 virgi-

192 1656 393 1703 nitatem
447 1649 692 1700 connubIO
757 1649 1007 1697 meliorem
1065 1664 1171 1697 esse
1229 1665 1318 1697 suo
1377 1652 1607 1717 exemplo

192 1719 531 1772 manifestavit.

615 1853 866 1904 Solvuntur
894 1852 1191 1915 objectiones.

265 1995 368 2057 Oly:
398 1996 457 2040 1⁰.
502 1989 694 2053 Nuptiae
735 1991 899 2038 Deum
941 1988 1121 2036 habent
1167 1996 1456 2047 auctorem;
1491 2008 1610 2058 ergo

198 2062 417 2125 injuriam
441 2061 551 2108 Deo
576 2059 708 2114 facit,
748 2057 828 2122 qui
855 2066 994 2121 putat
1019 2056 1365 2106 continentiam
1385 2059 1477 2108 illi's
1503 2077 1611 2111 esse

195 2129 591 2194 praestantiorem.
659 2127 737 2174 Ita
768 2125 878 2172 olim
904 2124 1203 2174 Jovinianus.
1543 2145 1546 2147 ’

266 2198 332 2246 R.
354 2214 451 2246 cum
482 2197 529 2243 S.
556 2195 862 2260 Hieronymo,
899 2191 981 2257 qui
1022 2191 1142 2240 dicit
1181 2209 1377 2256 pomum
1419 2197 1608 2257 arbore,

194 2282 364 2314 aurum
390 2273 609 2326 argento,
647 2278 754 2311 esse
790 2260 1005 2318 meliora,
1043 2261 1222 2308 nullam
1247 2263 1361 2310 Deo
1387 2262 1609 2327 injuriam

196 2334 330 2389 facit,
367 2349 459 2380 nec
520 2341 790 2379 creatorem
843 2339 1058 2387 accusat,
1118 2346 1211 2377 nec
1258 2332 1478 2380 arborem
1514 2352 1609 2384 nee

198 2412 452 2466 argentum
488 2399 658 2448 asserit
710 2414 816 2447 esse
866 2399 1008 2445 mala.
1096 2397 1326 2446 Similiter
1367 2416 1459 2449 nec
1498 2403 1610 2451 Deo

197 2470 418 2533 injuriam
453 2468 587 2521 facit,
623 2474 718 2525 nec
764 2466 954 2530 nuptias
995 2465 1142 2514 malas
1184 2482 1288 2514 esse
1325 2467 1489 2527 docet,
1527 2472 1610 2536 qui

199 2539 263 2585 ait
290 2537 612 2601 virginitatem
630 2535 722 2583 illis
747 2551 852 2583 esse
878 2533 1244 2598 praeferendam.

270 2605 367 2667 0237:
414 2606 478 2651 2⁰.
535 2603 899 2653 Matrimonium
960 2602 1170 2649 cultores
1221 2603 1330 2650 Deo
1367 2617 1609 2668 procreat,

202 2683 253 2721 et
277 2672 483 2735 virgines
507 2670 631 2735 ipsas
669 2672 827 2734 parit3
864 2686 981 2735 ergo
1007 2669 1330 2733 virginitatem
1363 2675 1612 2724 excellen-

201 2743 268 2788 tia
292 2750 500 2803 superat.

220 2832 222 2834 ’
272 2810 334 2857 R.
364 2812 424 2855 1⁰.
463 2806 583 2856 Inde
608 2806 856 2871 consequi,
883 2816 1065 2868 stupra,
1091 2807 1343 2867 adulteria,
1380 2820 1430 2858 et
1461 2809 1609 2857 forni-

200 2877 428 2925 cationes*
454 2891 559 2923 esse
599 2875 874 2939 virginitate
913 2876 1297 2938 praestantiores:
1341 2893 1450 2925 cum
1494 2879 1609 2926 Deo

202 2946 433 3000 cultoreS‚
469 2942 594 2992 sicut
619 2943 812 3007 nuptiae,
834 2945 945 2992 Deo
972 2955 1246 3006 procreent.
1299 2945 1419 3000 Quis
1443 2956 1608 2998 autem

202 3014 254 3062 id
280 3011 454 3062 dixerit
475 3014 492 3062 ἒ
1457 3013 1519 3062 R.
1545 3015 1611 3063 2⁰.
