1852 3250
231 145 294 191 ‘22
731 142 1183 193 TRACTATUs

300 280 375 329 60·
415 280 619 329 Constat
666 276 864 343 insuper
908 296 972 328 ex
1021 278 1285 329 innumeris
1335 279 1422 328 SS.
1454 280 1649 329 Patrum

232 347 522 396 testimoniis
546 356 837 410 potestatem
867 347 1064 396 Ordinis
1099 348 1147 394 in
1184 347 1451 412 episcopali
1477 365 1650 396 conse-

234 415 453 464 cratione
488 426 757 480 receptam,
793 415 1112 465 indelebilem
1141 432 1266 470 esse,
1308 416 1431 464 adeo
1466 426 1520 464 ut
1556 433 1650 465 nec

232 483 537 547 depositione
580 500 672 531 nec
698 484 1046 547 degradatione
1071 501 1163 532 nec
1201 483 1463 532 schismate
1498 484 1648 547 possit

180 570 183 576 “
231 552 426 600 auferri.
501 552 646 603 Unde
694 568 789 599 non
827 552 981 616 magis
1017 561 1179 616 potest
1213 552 1376 601 iterari
1416 553 1648 616 Episcopi

233 618 489 668 Ordinatio
547 635 690 684 quam
739 620 1029 685 Praesbyteri
1071 621 1147 669 vel
1197 619 1422 669 Diaconi.
1492 621 1648 685 Atqui

231 704 329 736 non
354 687 447 736 alia
469 687 561 735 fuit
602 689 744 750 hujus
783 688 1048 753 disciplinae
1073 704 1235 747 causa,
1272 687 1360 736 nisi
1386 687 1499 752 quia
1521 702 1647 737 sem-

229 773 317 819 per
376 756 617 805 creditum
664 767 739 804 est
794 773 883 820 per
929 756 1263 821 episcopatum
1311 757 1646 805 characterem

232 824 560 889 episcopalem
601 824 751 889 infigi.
822 826 899 873 Ita
941 826 1131 873 Auctor
1167 825 1228 875 de
1275 840 1328 874 re
1375 840 1646 873 sacramen·

233 904 368 941 taria.
560 924 565 925 ν

302 961 494 1015 Quaeres
518 976 577 1009 an
603 959 913 1025 episcopatus
950 960 1011 1010 sit
1040 961 1408 1010 Sacramentum
1435 977 1463 1010 a
1502 976 1645 1025 praes·

231 1030 459 1095 byteratu
485 1029 764 1077 distinctum
787 1031 803 1079 ἓ

304 1099 378 1144 10.
417 1097 716 1163 Respondent
759 1096 970 1146 nonnulli
1014 1095 1347 1161 episcopatum
1395 1111 1490 1146 non
1539 1113 1645 1146 esse

232 1166 599 1214 Sacramentum
626 1179 797 1214 natura
821 1171 863 1213 Sc
900 1165 1101 1230 speciali
1138 1166 1422 1214 charactere
1447 1182 1474 1213 a
1499 1182 1645 1229 praes-

228 1235 457 1298 byteratu
483 1233 782 1288 distinctum,
819 1234 902 1282 sed
944 1234 1277 1282 characterem
1314 1233 1644 1298 episcopalem

229 1317 409 1350 meram
437 1318 543 1351 esse
579 1302 894 1350 sacerdotalis
936 1302 1286 1350 extensionem.
1357 1303 1414 1349 In
1455 1318 1514 1350 ea
1537 1318 1644 1350 sen-

229 1370 383 1419 tentia
417 1370 726 1435 episcopatus
769 1387 865 1418 non
900 1370 1060 1419 differt
1096 1386 1124 1418 a
1164 1370 1517 1435 praesbyteratu
1557 1369 1646 1417 nisi

230 1454 289 1487 eo
326 1438 472 1486 modo
498 1454 595 1502 quo
620 1455 697 1487 res
734 1438 956 1502 perfecta
990 1440 1050 1486 ab
1078 1438 1248 1486 eadem
1274 1454 1325 1486 re
1360 1437 1645 1501 imperfecta

231 1511 272 1554 ἃ
297 1505 525 1554 inchoata
549 1506 741 1554 differt:
779 1517 829 1553 ut
856 1523 976 1569 puer
1011 1522 1245 1569 generare
1270 1506 1527 1569 impotens,
1576 1505 1643 1554 ait

233 1574 532 1630 Mussonius,
571 1584 823 1622 crescente
847 1584 991 1621 aetate
1019 1573 1089 1619 vir
1122 1573 1281 1621 factus
1306 1578 1347 1620 &
1371 1573 1643 1635 generatio-

229 1642 279 1689 ni
306 1640 525 1698 idoneus,
564 1642 686 1689 alter
710 1658 739 1689 a
772 1658 825 1689 se
850 1642 953 1705 ipso
990 1658 1084 1689 non
1122 1641 1290 1696 evasit,
1326 1641 1396 1689 sic
1423 1642 1642 1705 Praesby-

228 1720 303 1759 ter
342 1709 604 1774 episcopali
643 1709 1009 1757 consecratione
1040 1708 1101 1756 ad
1129 1709 1456 1772 Praesbyteros
1492 1725 1641 1772 gene.-

229 1777 421 1844 randos,
459 1778 675 1842 aliosque
703 1777 942 1825 Ecclesiae
967 1777 1218 1825 Ministros
1251 1777 1411 1825 factus
1437 1788 1511 1825 est
1537 1777 1640 1825 ido-

225 1862 362 1895 neus.

299 1916 361 1963 R.
398 1915 464 1961 2⁰·
490 1912 869 1962 verisimiliorem
913 1930 1017 1962 esse
1053 1914 1341 1961 sententiam
1368 1929 1532 1962 eorum
1559 1913 1640 1977 qui

233 1982 402 2031 dicunt
450 1983 782 2047 episcopatum
832 1998 939 2030 esse
990 1983 1354 2030 Sacramentum
1402 1982 1566 2046 specie
1614 1997 1643 2029 a

229 2051 578 2114 praesbyteratu
625 2049 923 2107 distinctum,
976 2049 1054 2112 qui
1101 2050 1342 2098 diversum
1400 2049 1642 2114 imprimat

230 2117 579 2174 characterem,
616 2118 695 2165 cui
742 2128 904 2165 tamen
946 2117 1322 2181 praesbyteratus
1369 2116 1640 2166 necessario

230 2185 545 2250 praeexistere
571 2185 735 2243 debet,
772 2196 824 2233 ut
851 2184 1055 2233 aedificio
1080 2184 1464 2233 fundamentum.

301 2254 463 2301 Prima
486 2253 608 2301 ratio
633 2264 723 2311 est,
760 2253 873 2316 quia
895 2253 933 2300 si
970 2252 1278 2316 episcopatus
1314 2254 1505 2301 dicatur
1536 2262 1639 2301 tan-

230 2321 332 2370 tum
380 2320 695 2370 sacerdotalis
742 2322 1037 2369 characteris
1084 2320 1324 2378 extensio,
1374 2320 1478 2385 pari
1528 2325 1640 2382 jure

229 2391 605 2454 praesbyteratus
653 2388 751 2437 dici
796 2389 976 2454 poterit
1033 2387 1326 2436 characteris
1378 2387 1639 2436 diaconalis

231 2457 439 2514 diffusio,
476 2474 568 2505 nec
592 2457 652 2505 ab
679 2473 738 2506 eo
763 2456 978 2505 diversus
1005 2456 1095 2504 erit
1119 2465 1303 2503 natura.

303 2524 530 2573 Secunda
555 2526 677 2573 ratio
700 2535 791 2583 est,
827 2525 939 2588 quia
973 2523 1147 2572 diversi
1170 2533 1281 2571 sunt
1306 2522 1640 2588 episcopatum

231 2596 271 2639 ἃ
298 2593 697 2656 praesbyteraturn
721 2591 1002 2641 conferendi
1022 2591 1157 2648 ritus,
1174 2594 1216 2638 &
1241 2590 1440 2639 diversae
1466 2591 1640 2638 utrius-

234 2675 330 2724 que
356 2659 569 2707 Gratiae:
606 2676 715 2708 cum
743 2660 848 2707 aliae
884 2658 1156 2723 Episcopis‚
1198 2658 1299 2706 aliae
1331 2658 1642 2724 Praesbyteris

233 2726 519 2776 necessariae
542 2725 652 2775 sint.
721 2727 937 2786 Diversae
961 2726 1156 2789 insuper
1191 2736 1493 2789 potestates3
1529 2743 1641 2775 cum

236 2794 511 2859 Episcopus
545 2793 694 2858 possit
733 2795 971 2851 ordinare,
1009 2793 1309 2853 confirmare,
1345 2811 1442 2842 non
1478 2805 1640 2843 autem

235 2862 441 2926 simplex
468 2862 758 2927 Praesbyter.
796 2861 927 2909 Nihil
952 2871 1026 2909 est
1048 2861 1194 2925 igitur
1214 2878 1299 2910 cur
1330 2864 1639 2928 episcopatus

235 2945 368 2981 mera
402 2928 592 2979 dicatur
628 2929 1013 2996 Praesbyteratus
1048 2929 1285 2979 extensio.
1454 2995 1473 3044 Z

1392 2999 1452 3047 So
1472 3002 1639 3045 vantur
