1846 3250
240 159 343 210 492
633 202 639 207 .
751 162 1184 218 TRACTATUS

304 296 367 344 R.
404 296 517 344 Non
553 306 734 362 potest,
772 298 887 363 quia
938 317 1186 365 nunquam
1223 303 1339 353 licet
1388 306 1665 357 consentire

231 363 421 411 actibus
458 381 546 428 per
580 368 634 413 se
671 366 822 431 malis.
911 368 1247 429 Hinc-Clerus
1273 372 1559 422 Gallicanus
1585 391 1663 422 an.

241 431 387 479 1700.
421 432 511 479 sub
549 433 765 481 censuris
807 435 1100 497 gravissimis
1158 438 1402 488 damnavit
1460 458 1669 505 sequen·

224 506 331 551 ‚tem
375 500 788 563 propositionem:
826 504 1064 551 Potuisset
1114 506 1333 553 Susanna
1367 515 1498 557 tanto
1530 510 1665 572 peri-

230 564 332 613 culo
367 566 580 631 infamias
612 575 658 615 et
692 570 853 617 mortis
906 572 1120 634 negative
1166 589 1215 620 se
1265 573 1435 622 habere
1458 584 1513 623 vet
1549 593 1666 638 per·

232 632 415 681 mittere
449 635 498 682 in
534 652 583 683 se
616 632 866 694 libidinem,
910 639 1044 687 modo
1092 639 1319 688 detestata
1358 650 1402 690 et
1449 651 1663 700 execrata

207 699 406 759 ficisset.

295 767 374 815 Ex
410 767 467 817 iis
501 768 722 833 sequitur
757 787 849 819 nec
885 771 933 818 in
969 772 1028 819 iis
1076 771 1356 823 criminibus
1403 776 1658 825 mulierem

227 849 372 897 posse
407 837 719 901 acquiescere
754 838 949 902 conjugi
985 840 1069 903 qui
1105 840 1314 890 minatur
1365 859 1419 891 se
1471 844 1521 890 in
1568 844 1664 892 alia

227 903 433 952 muliere
469 905 781 967 quaesiturum
842 923 949 954 esse
989 908 1306 970 voluptatem.
1393 911 1660 975 Nunquam

225 970 372 1027 enim,
401 976 548 1032 juxta
575 973 625 1020 S.
656 973 876 1029 Paulum,
925 974 1152 1022 facienda
1176 987 1289 1024 sunt
1316 978 1443 1026 mala
1468 989 1521 1025 ut
1546 979 1660 1027 inde

228 1037 454 1085 eveniant
501 1040 644 1086 bona.
738 1040 968 1093 Quinimo
993 1058 1278 1104 responsum
1305 1053 1379 1090 est
1403 1060 1432 1091 a
1470 1046 1663 1090 Docto-

225 1103 359 1152 ribus
398 1105 677 1153 SorboniciS
714 1122 773 1154 ea
825 1108 888 1155 de
938 1124 990 1155 re
1042 1109 1275 1156 consultis
1310 1126 1404 1157 nec
1453 1126 1660 1157 uxorem

223 1172 398 1219 marito
436 1173 617 1221 crimen
647 1174 771 1221 Onae
808 1191 950 1237 posse
991 1175 1292 1238 permittere,
1354 1176 1498 1224 etiarn
1549 1193 1663 1224 cum

230 1238 336 1301 ipsa
372 1241 567 1304 propria
604 1241 957 1289 incontinentia
999 1242 1283 1298 cruciatur;
1319 1253 1421 1290 tum
1464 1254 1667 1308 propter

235 1306 450 1355 rationes
475 1309 621 1356 modo
645 1309 817 1366 allatas
832 1329 855 1366 .;
889 1319 993 1357 tum
1036 1309 1148 1372 quia
1186 1310 1337 1358 debet
1359 1311 1520 1368 aliam,
1545 1328 1591 1359 V.
1616 1327 1665 1374 g.

233 1371 283 1420 in
306 1374 448 1423 bonis
478 1376 724 1439 operibus,
757 1376 1123 1425 incontinentiae
1164 1378 1404 1425 medelam
1430 1394 1667 1441 quaerere.

233 1442 380 1495 Quod
407 1443 446 1490 si
472 1444 646 1491 mulier
671 1443 858 1492 incerta
882 1444 943 1492 sit
982 1460 1045 1492 an
1069 1444 1268 1492 maritus
1295 1445 1376 1510 qui
1401 1445 1664 1508 aliquando

231 1507 573 1558 detestabilem
601 1512 760 1560 Onam
792 1512 1008 1559 imitatus
1056 1521 1146 1569 est,
1182 1510 1312 1559 idem
1360 1513 1544 1560 crimen
1585 1528 1663 1561 re-

227 1587 494 1625 novaturus
518 1577 596 1635 sit,
633 1579 838 1643 ipseque
879 1595 931 1627 se
955 1578 1096 1626 aliter
1120 1588 1342 1627 acturum
1368 1580 1660 1643 promiserit,

228 1644 520 1718 excusabilis
559 1645 643 1693 illa
682 1646 891 1705 videtur,
928 1646 967 1693 si
1009 1662 1263 1694 accessum
1298 1647 1362 1694 ad
1396 1664 1449 1695 se
1483 1647 1663 1712 permi-

225 1718 360 1757 serit.
1072 1726 1078 1731 ·
1533 1755 1535 1757 .

299 1777 489 1839 Quaeres
532 1779 612 1824 30·
647 1793 709 1825 an
744 1776 1061 1826 homicidium
1098 1787 1383 1842 perpetrare
1430 1778 1660 1828 censendi

224 1841 337 1902 sint,
375 1845 455 1909 qui
493 1854 759 1908 procurant
793 1846 1035 1904 abortum,
1072 1846 1150 1894 vel
1184 1846 1455 1910 impediunt
1489 1863 1551 1896 ne
1575 1846 1659 1894 foe·

222 1920 300 1957 tus
325 1913 596 1960 nascatur?
1224 1925 1227 1927 ’
1655 1932 1657 1936 ⁴

291 1979 359 2027 R.
386 1980 479 2027 Vel
504 1979 652 2028 foetus
678 1989 752 2028 est
776 1979 1029 2038 animatus,
1055 1980 1132 2028 vel
1158 1997 1272 2029 non.
1647 2015 1653 2021 -

230 2073 235 2074 ν
295 2046 345 2094 Si
371 2047 519 2095 foetus
544 2048 607 2095 sit
630 2048 887 2105 animatus,
926 2058 1045 2111 tunc
1071 2058 1145 2095 est
1169 2065 1312 2098 verus
1349 2047 1513 2106 home,
1561 2063 1656 2096 nec

222 2113 430 2178 proinde
455 2115 656 2162 dubium
680 2125 756 2163 est
780 2115 897 2179 quin
934 2115 1183 2162 homicidii
1207 2117 1302 2164 sint
1326 2116 1397 2164 rei
1422 2116 1504 2180 qui
1528 2114 1657 2172 illius

222 2180 447 2229 abortum
517 2182 903 2245 procuraverint,
973 2184 1320 2246 quoquomodo
1366 2183 1417 2230 id
1487 2191 1658 2246 perac-

223 2258 326 2294 tum
363 2249 442 2304 sit,
479 2249 580 2296 sive
617 2249 1002 2306 medieamentIS,
1062 2250 1163 2297 sive
1211 2250 1507 2313 potionibus,
1555 2249 1656 2297 sive

222 2316 508 2363 verberibus
557 2333 665 2379 quae
700 2317 761 2363 ab
821 2316 1110 2363 immanibus
1147 2318 1436 2379 quibusdam
1472 2316 1655 2364 maritis

223 2380 487 2446 aliquando
521 2383 755 2430 uxoribus
797 2382 1158 2446 praegnantibus
1198 2383 1517 2440 incutiuntur,
1554 2383 1666 2430 sive,

223 2466 435 2497 uxorum
483 2450 874 2513 intemperantia,
915 2450 1257 2513 imprudentia,
1302 2450 1654 2508 saltationibus,

220 2515 544 2565 immoderato
569 2519 752 2574 labore,
780 2517 936 2564 nimiis
963 2517 1206 2575 oneribuS,
1242 2519 1344 2566 sive
1365 2517 1533 2581 quovis
1557 2516 1653 2564 alio

221 2583 386 2631 modo·
457 2586 625 2642 Porro,
664 2590 812 2646 juxta
837 2597 1141 2647 communem
1168 2585 1463 2647 opinionem,
1504 2584 1653 2635 foetus

222 2662 453 2698 censetur
489 2653 728 2700 animatus
764 2651 895 2699 circa
931 2652 1059 2699 diem
1096 2668 1125 2698 a
1161 2652 1485 2715 conceptione
1535 2667 1663 2714 qua-2

222 2718 567 2781 dragesimum,
604 2719 643 2766 si
669 2719 915 2766 masculus
940 2718 1019 2772 sit,
1045 2728 1096 2765 et
1121 2718 1253 2767 circa
1278 2717 1653 2782 octogesimum,

219 2786 259 2832 si
307 2786 368 2833 sit
415 2786 628 2834 foemina.
701 2788 781 2833 Ab
818 2786 1034 2849 ipsismet
1087 2786 1301 2834 Medicis
1349 2785 1652 2849 improbatur

220 2853 384 2916 opinio
421 2870 590 2902 eorum
627 2854 710 2915 qui
748 2853 1052 2901 contendunt
1088 2853 1278 2911 foetum,
1338 2852 1552 2915 quandiu
1600 2851 1651 2898 in

223 2931 363 2970 utero
388 2932 607 2971 materno
635 2920 898 2978 delitescit,
932 2920 1092 2969 anima
1132 2920 1355 2983 rationali
1380 2936 1476 2968 non
1501 2918 1649 2994 infor-

1514 3000 1649 3033 mari.
