1852 3250
586 225 731 284 ..35:3...
783 220 822 284 Ξ
870 229 896 270 Ῡ
948 218 1103 280 2³¹0ssst

727 305 963 355 INDEX.

347 512 760 563 TRACTATUS
795 509 889 562 DE
926 512 1405 560 MATRIMONIO.

1447 652 1505 691 Pa
1535 679 1546 690 .

165 721 317 769 ‘CAP.
353 721 391 768 Ι.
431 723 503 770 De
543 722 744 778 nomine,
786 720 1056 783 definitione
1117 727 1160 767 et
1216 720 1411 767 essentia
1506 665 1534 703 g

234 788 540 836 ,Matrimonii
660 821 1409 835 ..........
1482 787 1574 833 190

168 875 315 921 CAP.
340 873 404 920 II.
439 875 517 922 De
540 874 830 921 institutione
853 871 1158 921 Matrimonii
1315 907 1326 919 .
1398 907 1408 918 .
1484 872 1575 918 198

167 957 315 1004 CAP.
341 957 433 1006 III.
469 957 549 1005 De
591 956 964 1005 solemnitatibus
1009 972 1116 1020 quoe
1157 955 1408 1004 Matrimo-

206 1045 366 1089 ”nium
380 1043 643 1107 praeoedere
675 1043 822 1090 solent
979 1076 1316 1090 .....
1393 1073 1405 1086 .
1477 1043 1573 1087 231

165 1126 322 1173 ART.
358 1127 397 1173 I.
434 1128 510 1174 De
532 1126 829 1189 sponsalibus
981 1159 1407 1173 ......
1464 1124 1577 1174 ibid.

165 1211 322 1258 ART.
359 1210 426 1258 ΙΙ.
451 1212 527 1259 De
549 1210 814 1259 bannorum
837 1212 1190 1258 denuntiatione
1315 1246 1327 1256 .
1396 1244 1408 1256 .
1477 1210 1576 1255 260

165 1296 314 1342 CAP.
335 1296 437 1344 ·IV.
472 1298 549 1347 De
573 1297 919 1344 conditionibus
952 1298 1020 1344 ad
1040 1295 1409 1345 Matrimonium

229 1363 599 1412 contrahendum
622 1367 862 1428 requisitis
987 1397 1407 1412 ......
1478 1364 1575 1410 286

166 1451 304 1497 Am.
338 1450 378 1496 Ι.
415 1451 492 1497 De
515 1447 756 1495 habilitate
788 1449 1009 1512 partium
1034 1450 1101 1496 ad
1133 1449 1407 1496 contrahen-

226 1519 339 1565 dum
362 1516 732 1563 Bffatrimonium
756 1519 1003 1581 requisita,
1039 1532 1120 1563 seu
1143 1518 1200 1562 de
1225 1517 1405 1564 Matri-

226 1584 375 1631 monii
402 1584 744 1644 impedimentis
901 1616 1406 1631 .......
1475 1585 1571 1630 286

160 1672 298 1719 ART.
331 1667 399 1714 II.
432 1668 512 1716 De
533 1681 761 1713 consensu
784 1671 1007 1729 partium
1033 1669 1408 1716 contrahentium

206 1737 292 1784 ‘ad
313 1734 683 1783 Matrimonium
704 1736 930 1797 requisito
1066 1769 1407 1784 .....
1477 1737 1573 1785 364

161 1824 300 1870 ART.
335 1819 429 1866 III.
462 1817 544 1865 De
581 1834 805 1866 consensu
828 1826 1089 1882 parentum
1128 1821 1197 1868 ad
1228 1820 1407 1869 Matri-

225 1889 438 1936 monium
451 1885 680 1950 filiorum
702 1889 928 1949 requisito
1063 1922 1403 1936 .....
1474 1889 1567 1936 371

160 1978 297 2024 ΛΒΤ.
319 1973 406 2022 IV.
441 1974 521 2022 De
551 1974 817 2036 proesentia
857 1972 1075 2022 Paroohi
1108 1982 1154 2022 et
1196 1973 1406 2022 Testium

226 2044 294 2090 ad
327 2040 698 2089 Matrimonium
743 2041 1115 2090 contrahendum
1159 2044 1405 2106 requisita,

152 2152 155 2156 .
227 2128 308 2159 seu
322 2110 380 2157 de
396 2109 773 2156 clandestinitate
789 2109 1093 2158 Matrimonii
1228 2144 1241 2156 .
1392 2144 1404 2158 .
1474 2111 1572 2157 387

160 2196 367 2246 CHAP.
400 2194 462 2242 V.
495 2196 574 2244 De
596 2192 828 2242 Ministro
879 2194 1181 2243 Sacramenti
1226 2195 1405 2243 Matri-

162 2280 315 2381 Οἷς.
349 2297 435 2379 Vi.
467 2298 549 2379 he
568 2297 795 2378 ‘Materia
816 2297 874 2380 ‘et
889 2298 1075 2397 ‘torma‘
1104 2298 1407 2380 &ai-rumenti·
1474 2264 1572 2312 4⁰4

223 2398 532 2447 Matrimonii
650 2432 1403 2447 ..........
1470 2399 1570 2445 415

161 2484 313 2532 CAP.
346 2481 462 2531 VII.
499 2484 578 2533 De
612 2482 988 2547 proprietatibus
1032 2481 1336 2532 Matrimonii
1471 2480 1570 2530 419

160 2569 296 2616 AR'r.
332 2568 386 2615 Ι.
405 2570 484 2618 De
506 2568 811 2616 Matrimonii
832 2569 1014 2617 unitate
1147 2603 1160 2615 .
1229 2603 1242 2615 .
1306 2602 1320 2614 .
1390 2602 1403 2614 .
1460 2568 1570 2616 ibid.

163 2651 506 2701 An1.11.De
528 2652 834 2702 Matrimonii
856 2652 1097 2717 firmitate
1135 2660 1178 2700 et
1202 2653 1401 2701 indisso-

228 2720 459 2768 lubilitate
565 2753 1399 2769 ...........
1471 2722 1569 2769 438

166 2805 314 2853 CAP.
349 2803 488 2851 VIII.
522 2802 603 2850 De
624 2804 931 2852 Matrimonii
952 2804 1077 2866 fine,
1100 2803 1248 2860 bonis,
1286 2803 1402 2852 obli-

190 2876 193 2881 '
227 2871 513 2932 yationibu's,
551 2870 788 2936 effectibus
820 2880 866 2919 et
897 2870 1298 2935 dispositionibus,
1337 2872 1408 2920 ad
1514 2912 1515 2917 ,

231 2938 359 2987 illud
379 2938 745 3007 eontraliendum
768 2940 1008 3005 requisitis
1143 2974 1157 2987 .
1224 2974 1238 2986 .
1305 2974 1319 2986 .
1387 2974 1400 2986 .
1468 2937 1567 2998 480
