1846 3250
595 191 690 239 DE
731 189 1032 239 ORDINE:
1439 188 1536 239 107

133 330 371 385 Canones,
406 326 562 374 irritas
604 342 710 375 esse
748 343 806 375 ac
845 327 1016 383 nullas,
1055 322 1268 388 quandiu
1308 323 1537 376 Oenones

132 398 311 459 vigent,
337 394 522 453 etiamsi
547 399 693 456 juxta
716 395 964 449 materiam
991 402 1041 441 et
1064 393 1270 440 formam*
1292 406 1320 439 a
1342 390 1540 444 Christo

131 464 394 511 institutam
437 463 579 511 factae
603 462 798 511 fuerint.
836 462 982 510 Ratio
1005 461 1153 524 ipsius
1179 470 1269 517 est,
1306 458 1423 523 quia
1442 458 1542 513 Ec«

134 531 296 586 clesia,
331 532 444 579 licet
470 531 584 578 nihil
609 531 759 595 possit
795 531 841 578 in
869 530 1114 578 materiam
1143 540 1191 576 et
1214 528 1419 581 formam
1446 526 1542 575 Or-

133 600 405 658 dinationis,
441 610 601 659 tamen
641 610 799 646 certas
841 599 940 646 sive
976 615 1039 645 ex
1081 607 1219 660 parte
1258 594 1544 649 Ordinantis

132 669 232 721 sive
258 683 321 716 ex
346 678 484 731 parte
511 667 732 723 Ordinati
774 679 987 721 statuere
1011 675 1186 729 potest
1219 664 1540 722 conditioneS,

132 735 259 794 sicut
300 736 617 791 Matrimonio
659 745 707 785 et
750 735 1056 784 Poenitentiae
1087 733 1329 797 apposuit,
1367 732 1544 796 quibus

134 821 231 851 non
272 804 555 859 observatis,
588 805 723 852 irrita
764 815 812 852 et
850 805 983 851 nulla
1022 803 1075 851 fit
1111 800 1366 849 Ordinatio
1396 801 1543 854 etiam

134 871 293 939 quoad
336 871 668 921 substantiam.
742 872 897 919 Addit
939 870 1208 920 Ecclesiam
1248 869 1363 916 nihil
1399 884 1544 932 posse

132 939 179 987 in
204 940 520 989 substantiam
546 939 857 996 characteris,
891 956 984 989 nec
1008 956 1117 988 eum
1143 938 1291 986 semel
1313 937 1544 986 collatum

135 1025 345 1071 unquam
363 1008 547 1062 ,auferri
571 1025 742 1073 posse:
794 1025 929 1057 usum
956 1025 1070 1057 vero
1089 1007 1221 1060 illius
1247 1004 1545 1054 characteris

135 1076 205 1123 sic
225 1077 284 1123 ab
307 1075 531 1124 Ecclesia
549 1078 780 1140 pendere,
807 1087 859 1124 ut
878 1077 1029 1140 possit
1053 1077 1113 1123 ab
1134 1091 1192 1123 ea
1214 1072 1445 1137 suspendi
1469 1073 1547 1120 vel

134 1143 327 1191 auferri.
397 1145 542 1193 Unde
581 1145 637 1193 fit
661 1156 714 1193 ut
752 1145 981 1193 Minister
1022 1146 1082 1192 ab
1122 1143 1209 1191 illo
1246 1141 1545 1192 characteris

137 1212 373 1266 exercitio
398 1214 471 1260 vel
501 1229 590 1261 usu
616 1229 876 1277 suspensus
900 1213 1015 1261 nihil
1041 1223 1155 1277 agat
1178 1227 1391 1274 prorsus.
1437 1209 1548 1258 Vir-

135 1290 212 1327 tus
236 1280 385 1343 igitur
417 1281 710 1330 characteris
749 1282 1010 1346 impeditur
1034 1298 1093 1329 ac
1118 1280 1341 1328 hebescit
1363 1293 1452 1342 per
1475 1277 1552 1325 in·

136 1348 397 1396 terdictum
440 1365 499 1403 ac
536 1349 909 1412 prohibitionem
942 1347 1200 1405 Ecclesiae,
1245 1364 1348 1411 quae
1386 1354 1550 1410 potest

136 1415 314 1471 limites
351 1416 419 1463 illi
462 1433 704 1481 apponere
743 1433 863 1481 quos
902 1418 1030 1465 ultra
1067 1417 1287 1481 citraque
1310 1425 1408 1462 non
1433 1430 1554 1478 ope·

137 1484 321 1531 rabitur
364 1485 634 1542 Ordinatio,
688 1485 1096 1549 quemadmodum
1137 1483 1188 1531 in
1231 1484 1551 1534 Sacramento

70 1551 80 1554 “
139 1552 446 1602 Poenitentiae
470 1552 707 1617 praestitit.

150 1655 153 1659 -
211 1620 343 1669 Hinc
367 1619 512 1675 facile
543 1622 717 1685 exponi
753 1638 896 1685 posse
921 1620 1167 1669 existimat
1204 1617 1428 1668 Morinus
1468 1620 1554 1686 1⁰⁰*-

139 1705 226 1737 cur
250 1700 439 1739 veteres
465 1690 633 1737 Patres
657 1705 716 1738 ac
738 1689 1026 1743 Scholastici
1051 1705 1204 1753 usque
1221 1688 1290 1736 ad
1315 1687 1551 1741 saeculum

142 1760 221 1806 13.
259 1757 499 1806 communi
523 1758 627 1806 fere
650 1757 895 1822 suffragio,
932 1768 986 1806 ut
1009 1757 1100 1821 ipsi
1123 1757 1332 1815 videtur,
1369 1755 1433 1803 de
1458 1755 1556 1803 Or-

140 1823 464 1880 dinationibus
502 1825 861 1876 Haereticorum
899 1836 1123 1888 tanquam
1149 1825 1294 1873 nullis
1319 1839 1378 1872 ac
1401 1821 1551 1871 irritis

138 1893 292 1941 locuti
329 1894 440 1951 sint,
483 1904 533 1942 et
574 1911 660 1942 cur
699 1894 1043 1943 Ordinationes
1084 1892 1325 1944 nonnullae
1368 1890 1553 1941 fuerint

141 1960 358 2008 iteratae:
409 1962 660 2018 Nimirum,
712 1961 883 2025 inquit,
933 1963 1013 2027 qai
1057 1961 1221 2010 iterum
1263 1959 1548 2012 „ordinabant

142 2037 223 2075 aut
242 2029 520 2077 ordinandos
545 2029 889 2086 contendebant,
907 2029 1192 2093 judicabant
1209 2046 1283 2077 eos
1305 2028 1552 2077 secundum

154 2095 367 2145 C'anones
390 2114 480 2145 non
490 2097 652 2160 sitisse
674 2098 924 2152 ordinatos.
960 2099 1042 2145 20·
1066 2095 1382 2146 Comm'odam
1407 2095 1556 2144 etiam

145 2162 284 2211 affert
323 2164 557 2211 rationem
603 2182 685 2213 cur
724 2166 860 2214 varia
910 2164 1120 2214 Concilio
1158 2164 1293 2229 lapsu
1334 2164 1553 2229 temporis

144 2231 316 2292 multos
343 2231 542 2281 Clericos
565 2232 799 2282 haereticos
819 2235 885 2283 ad
907 2234 1159 2283 Ecclesiam
1183 2234 1425 2282 redeuntes
1449 2249 1552 2287 cam

144 2300 241 2356 sais
268 2300 521 2348 Ordinibus
557 2308 603 2349 et
636 2301 862 2366 gradibus
885 2303 1153 2367 receperint,
1189 2301 1297 2351 licet
1330 2309 1471 2348 ante-a
1503 2299 1559 2348 id

145 2385 238 2421 non
252 2370 491 2432 facerent,
527 2370 608 2417 sed
626 2387 778 2423 eoram
807 2370 1133 2419 Ordinationes
1159 2385 1357 2436 prorsus
1391 2368 1557 2418 irritas

146 2435 447 2485 declararent.
505 2438 660 2486 Variae
683 2439 801 2485 enim
823 2454 974 2486 cau-sce
991 2437 1206 2502 politiore,
1229 2436 1557 2492 conservandoe

146 2490 313 2553 scilice}
340 2506 470 2569 pacis
493 2513 536 2553 et
575 2506 873 2570 extinguendi
908 2505 1181 2561 schismati-5,
1217 2506 1270 2553 id
1289 2506 1553 2569 effecerunt.

117 2571 251 2620 ‘Nec
273 2573 437 2620 mirum
470 2573 552 2621 hoc
588 2573 727 2622 alicui
762 2574 908 2622 videri
948 2573 1093 2622 debet.
1162 2574 1296 2623 Dato
1319 2572 1439 2620 enim
1460 2572 1556 2620 ‘Ec-

148 2636 327 2686 clesiam
351 2641 630 2694 'conditiones
658 2641 1038 2690 ordinationibus
1068 2658 1241 2706 ponere
1271 2655 1418 2705 posse,
1449 2641 1553 2706 qui-

148 2704 232 2753 laus
256 2706 446 2764 omissis,
485 2709 730 2759 Ordinatio
753 2708 959 2758 invalida
985 2717 1053 2757 est
1074 2718 1118 2757 et
1142 2709 1315 2764 inanis,
1349 2724 1464 2761 sane
1486 2715 1556 2756 est

151 2773 200 2820 in
228 2781 454 2838 potestate
473 2775 697 2826 Ecclesiae
720 2777 805 2826 has
827 2778 1111 2828 conditiones
1135 2775 1384 2833 moderari,
1419 2774 1555 2825 abro-

75 2840 77 2848 ’
147 2857 284 2904 gare,
337 2841 553 2900 minuere,
607 2853 683 2901 ut,
706 2863 792 2910 pro
838 2844 1039 2894 utilitate
1085 2844 1243 2894 Plebis
1289 2842 1557 2895 christianae

154 2924 334 2973 aequum
375 2911 807 2975 esse-judicaverit.
880 2913 954 2961 3⁰·
989 2913 1129 2962 (Inde
1156 2927 1370 2975 -quoque
1409 2909 1556 2957 ratio-

154 2991 265 3024 nem
319 2976 480 3024 reddit
510 2990 618 3032 ,cur
670 2979 906 3044 Haeretici
963 2991 1014 3029 et.
1074 2977 1380 3030 schismatici
1430 2993 1559 3025 nova

1234 3044 1556 3095 Ordinatione
