1846 3250
313 172 336 188 ²
884 164 981 213 190

499 593 502 595 .
572 506 1274 596 TRAC'PATUS

586 687 695 742 DE
731 688 1255 746 MATRIMONIO.

292 870 387 920 UT
422 867 743 934 gravissimas,
776 867 979 933 ipsoque
1004 868 1116 918 divo
1138 871 1416 935 Augustino
1442 873 1630 936 judice,

223 938 602 987 intricatissimas
627 937 916 1003 quaestiones
941 938 1004 986 de
1030 940 1280 1005 Conjugiis
1305 958 1416 989 curn
1442 943 1630 991 metho-

222 1009 287 1055 do
327 1016 695 1071 pertractemus,
732 1006 948 1053 dicemus
995 1009 1072 1053 10:
1107 1007 1170 1056 de
1215 1010 1425 1068 nomine,
1463 1010 1632 1058 defini-

219 1076 353 1123 tione
394 1085 444 1123 et
469 1074 678 1122 essentia
717 1073 1035 1121 Matrimonii.
1103 1076 1187 1122 20·
1212 1077 1292 1124 De
1329 1077 1454 1125 illius
1494 1078 1629 1126 insti-

219 1143 426 1200 tutione,
462 1142 563 1190 sive
586 1150 730 1206 prout
755 1150 829 1189 est
870 1141 1078 1189 officium
1119 1153 1321 1201 naturae,
1357 1145 1457 1193 sive
1481 1156 1626 1209 prout

166 1242 175 1254 .
220 1221 293 1259 est
356 1211 739 1258 Sacramentum.
813 1211 896 1256 30·
955 1210 1035 1257 De
1081 1211 1467 1261 solemnitatibus
1520 1230 1626 1274 quae

218 1277 585 1327 Matrimonium
611 1275 890 1341 praecedere
915 1277 1090 1325 solent.
1157 1282 1242 1325 40·
1278 1280 1359 1327 De
1391 1280 1630 1328 conditio-

217 1348 307 1395 bus
333 1346 395 1394 ad
420 1343 788 1393 Matrimonium
812 1344 1196 1393 contrahendum
1237 1347 1496 1410 requisitis,
1544 1348 1626 1396 ubi

217 1416 279 1463 de
328 1412 718 1462 contrahentium
764 1411 1034 1470 habilitate,
1082 1413 1145 1461 de
1193 1416 1474 1463 eorumdem
1532 1432 1626 1464 nec

152 1474 155 1478 Α
216 1500 313 1530 non
354 1477 610 1546 parentum
656 1496 913 1533 consensu,
965 1480 1263 1547 testiumque
1309 1499 1367 1531 ac
1416 1484 1625 1531 Parochi

215 1550 491 1614 praesentia.
559 1550 634 1597 5⁰·
674 1549 752 1596 De
800 1547 1043 1596 Ministro.
1112 1552 1186 1596 60·
1224 1552 1303 1599 De
1339 1552 1539 1599 materia
1574 1562 1625 1599 et

213 1620 382 1667 forma.
453 1618 531 1666 70·
568 1617 648 1665 De
673 1615 1067 1680 proprietatibus,
1103 1616 1332 1667 videlicet
1356 1619 1539 1668 unitate
1578 1630 1627 1668 et

212 1683 652 1735 indissolubilitate.
723 1686 787 1730 8⁰·
825 1683 906 1730 De
945 1683 1215 1735 effectibus.
1285 1690 1349 1734 9⁰·
1386 1688 1467 1736 De
1505 1688 1623 1736 obli-

214 1753 505 1821 gationibus.

635 1887 874 1937 CAPUT
911 1887 1220 1937 PRIMUM.

294 2028 378 2076 De
412 2024 609 2082 nomine,
645 2023 911 2087 definitione
944 2031 989 2072 et
1023 2026 1219 2075 essentia
1245 2026 1557 2077 Matrimonii.

285 2165 345 2209 1⁰·
384 2161 749 2210 MATRIMONH
788 2174 966 2207 nomen
1001 2174 1031 2206 a
1064 2170 1218 2209 matre
1251 2161 1524 2221 deducitur,
1562 2180 1622 2211 eo

212 2231 342 2295 quod
365 2227 511 2305 prolis
536 2226 781 2285 educatio,
824 2243 930 2288 quae
947 2226 1200 2290 primarius
1225 2240 1298 2277 est
1323 2230 1623 2278 Matrimonii

209 2300 334 2377 finis,
360 2295 658 2362 praecipuum
684 2294 848 2342 mattis
881 2294 1098 2341 munium
1122 2295 1199 2343 sit.
1269 2299 1332 2342 2⁰·
1369 2296 1624 2346 Matrimo-

211 2369 344 2416 nium
371 2365 549 2413 dicitur
587 2362 862 2428 Conjugz‘um
886 2377 915 2409 a
939 2363 1181 2410 communi
1197 2367 1337 2427 Jugo,
1374 2366 1452 2412 cui
1477 2366 1547 2412 vir
1571 2376 1621 2414 et

212 2435 407 2484 foemina
454 2430 788 2493 subjiciuntur.
859 2432 923 2477 3⁰·
960 2429 1157 2477 Dicitur
1201 2432 1400 2494 Nuptiae
1434 2435 1617 2483 Connu-

212 2504 349 2561 bium,
385 2518 414 2549 a
437 2501 586 2548 verbo
624 2498 807 2555 nubere,
843 2496 894 2544 id
931 2507 1020 2555 est,
1068 2497 1245 2557 velare,
1284 2500 1396 2563 quia
1432 2517 1621 2566 sponsae

213 2572 327 2619 olim
349 2569 575 2618 velabant
597 2583 666 2625 se,
700 2582 811 2613 cum
835 2564 947 2613 viris
970 2564 1299 2615 tradebantur.
1660 2625 1673 2633 .

281 2635 648 2685 Matrimonium
695 2632 873 2698 triplici
913 2633 1058 2681 modo
1099 2635 1395 2698 considerari
1441 2647 1619 2701 potest,

213 2708 289 2755 vel
314 2715 369 2753 ut
393 2712 465 2753 est
490 2710 770 2751 contractus
806 2701 1052 2759 naturalis,
1087 2717 1175 2750 seu
1205 2703 1252 2750 in
1295 2704 1504 2752 officium
1538 2722 1622 2755 na·

217 2785 354 2831 turae,
391 2771 468 2820 vel
509 2780 562 2818 ut
600 2779 676 2819 est
712 2777 992 2829 contractus
1031 2768 1199 2828 civilis,
1235 2772 1311 2820 vel
1348 2782 1401 2820 ut
1451 2774 1620 2822 Sacra·
1651 2815 1653 2818 Α

217 2851 432 2891 mentum
456 2853 595 2886 novae
634 2835 799 2900 Legis.
871 2837 941 2885 Ut
965 2846 1241 2888 contractus
1278 2841 1510 2889 naturalis
1532 2857 1618 2889 seu

218 2910 428 2960 officium
466 2916 666 2966 naturae,
704 2903 952 2954 ordinatur
986 2904 1048 2953 ad
1092 2908 1490 2974 propagationem
1531 2909 1619 2955 hu-

563 3008 564 3011 =
1467 2990 1619 3025 manae
