<?xml version="1.0" encoding="UTF-8"?>
<!DOCTYPE html PUBLIC "-//W3C//DTD XHTML 1.0 Transitional//EN"
    "http://www.w3.org/TR/xhtml1/DTD/xhtml1-transitional.dtd">
<html xmlns="http://www.w3.org/1999/xhtml" xml:lang="en" lang="en">
 <head>
  <title>
</title>
<meta http-equiv="Content-Type" content="text/html;charset=utf-8" />
  <meta name='ocr-system' content='tesseract 3.04.00' />
  <meta name='ocr-capabilities' content='ocr_page ocr_carea ocr_par ocr_line ocrx_word'/>
</head>
<body>
  <div class='ocr_page' id='page_1' title='image "./theologica00bailuoft_0244.png"; bbox 0 0 1846 3250; ppageno 0'>
   <div class='ocr_carea' id='block_1_1' title="bbox 190 129 1132 188">
    <p class='ocr_par' dir='ltr' id='par_1_1' title="bbox 190 129 1132 188">
     <span class='ocr_line' id='line_1_1' title="bbox 190 129 1132 188; baseline 0.007 -7"><span class='ocrx_word' id='word_1_1' title='bbox 190 136 291 182; x_wconf 71' lang='lat'>240</span> <span class='ocrx_word' id='word_1_2' title='bbox 700 129 1132 188; x_wconf 78' lang='lat' dir='ltr'><strong>TRACTATUS</strong></span> 
     </span>
    </p>
   </div>
   <div class='ocr_carea' id='block_1_2' title="bbox 126 270 1630 2686">
    <p class='ocr_par' dir='ltr' id='par_1_2' title="bbox 187 270 1609 854">
     <span class='ocr_line' id='line_1_2' title="bbox 259 270 1608 333; baseline 0.005 -18"><span class='ocrx_word' id='word_1_3' title='bbox 259 271 343 315; x_wconf 84' lang='lat'>50·</span> <span class='ocrx_word' id='word_1_4' title='bbox 391 270 645 333; x_wconf 85' lang='lat' dir='ltr'>Sponsalia</span> <span class='ocrx_word' id='word_1_5' title='bbox 693 281 947 320; x_wconf 86' lang='lat' dir='ltr'>contracta</span> <span class='ocrx_word' id='word_1_6' title='bbox 980 273 1072 321; x_wconf 79' lang='lat' dir='ltr'>sub</span> <span class='ocrx_word' id='word_1_7' title='bbox 1131 271 1411 323; x_wconf 86' lang='lat' dir='ltr'>conditione</span> <span class='ocrx_word' id='word_1_8' title='bbox 1469 272 1608 322; x_wconf 88' lang='lat' dir='ltr'>inho·</span> 
     </span>
     <span class='ocr_line' id='line_1_3' title="bbox 187 335 1609 467; baseline 0.005 -85"><span class='ocrx_word' id='word_1_9' title='bbox 187 346 329 383; x_wconf 86' lang='lat' dir='ltr'>nesta</span> <span class='ocrx_word' id='word_1_10' title='bbox 363 336 606 467; x_wconf 76' lang='lat' dir='ltr'>quidem,g</span> <span class='ocrx_word' id='word_1_11' title='bbox 615 338 703 386; x_wconf 89' lang='lat' dir='ltr'>sed</span> <span class='ocrx_word' id='word_1_12' title='bbox 749 335 1038 388; x_wconf 81' lang='lat' dir='ltr'>matrimonii</span> <span class='ocrx_word' id='word_1_13' title='bbox 1076 342 1360 391; x_wconf 82' lang='lat' dir='ltr'>substantiae</span> <span class='ocrx_word' id='word_1_14' title='bbox 1398 356 1495 388; x_wconf 91' lang='lat' dir='ltr'>non</span> <span class='ocrx_word' id='word_1_15' title='bbox 1532 357 1609 389; x_wconf 88' lang='lat' dir='ltr'>re·</span> 
     </span>
     <span class='ocr_line' id='line_1_4' title="bbox 189 406 1608 472; baseline 0.005 -25"><span class='ocrx_word' id='word_1_16' title='bbox 189 414 459 465; x_wconf 83' lang='lat' dir='ltr'>pugnante,</span> <span class='ocrx_word' id='word_1_17' title='bbox 495 421 539 450; x_wconf 86' lang='lat' dir='ltr'>v.</span> <span class='ocrx_word' id='word_1_18' title='bbox 611 406 821 454; x_wconf 80' lang='lat' dir='ltr'>.ducam</span> <span class='ocrx_word' id='word_1_19' title='bbox 859 414 918 464; x_wconf 82' lang='lat' dir='ltr'>te,</span> <span class='ocrx_word' id='word_1_20' title='bbox 944 408 1252 472; x_wconf 76' lang='lat' dir='ltr'>sifbrniceris</span> <span class='ocrx_word' id='word_1_21' title='bbox 1284 425 1470 466; x_wconf 81' lang='lat' dir='ltr'>mecum,</span> <span class='ocrx_word' id='word_1_22' title='bbox 1508 423 1608 455; x_wconf 84' lang='lat' dir='ltr'>non</span> 
     </span>
     <span class='ocr_line' id='line_1_5' title="bbox 189 422 1606 539; baseline 0.006 -25"><span class='ocrx_word' id='word_1_23' title='bbox 189 469 369 525; x_wconf 87' lang='lat' dir='ltr'>valent,</span> <span class='ocrx_word' id='word_1_24' title='bbox 405 485 497 518; x_wconf 87' lang='lat' dir='ltr'>nec</span> <span class='ocrx_word' id='word_1_25' title='bbox 523 422 758 537; x_wconf 80' lang='lat' dir='ltr'>obligant,</span> <span class='ocrx_word' id='word_1_26' title='bbox 783 473 821 521; x_wconf 89' lang='lat' dir='ltr'>si</span> <span class='ocrx_word' id='word_1_27' title='bbox 848 474 1063 522; x_wconf 83' lang='lat' dir='ltr'>conditio</span> <span class='ocrx_word' id='word_1_28' title='bbox 1088 492 1183 522; x_wconf 89' lang='lat' dir='ltr'>non</span> <span class='ocrx_word' id='word_1_29' title='bbox 1210 475 1356 523; x_wconf 88' lang='lat' dir='ltr'>fuerit</span> <span class='ocrx_word' id='word_1_30' title='bbox 1380 475 1606 539; x_wconf 87' lang='lat' dir='ltr'>impleta;</span> 
     </span>
     <span class='ocr_line' id='line_1_6' title="bbox 192 535 1609 605; baseline 0.007 -25"><span class='ocrx_word' id='word_1_31' title='bbox 192 535 303 598; x_wconf 87' lang='lat' dir='ltr'>quia</span> <span class='ocrx_word' id='word_1_32' title='bbox 340 552 485 585; x_wconf 82' lang='lat' dir='ltr'>nemo</span> <span class='ocrx_word' id='word_1_33' title='bbox 524 539 586 586; x_wconf 87' lang='lat' dir='ltr'>ad</span> <span class='ocrx_word' id='word_1_34' title='bbox 628 541 806 588; x_wconf 87' lang='lat' dir='ltr'>malum</span> <span class='ocrx_word' id='word_1_35' title='bbox 843 542 1102 604; x_wconf 81' lang='lat' dir='ltr'>obligatur.</span> <span class='ocrx_word' id='word_1_36' title='bbox 1176 544 1246 589; x_wconf 88' lang='lat' dir='ltr'>At</span> <span class='ocrx_word' id='word_1_37' title='bbox 1287 553 1396 605; x_wconf 87' lang='lat' dir='ltr'>post</span> <span class='ocrx_word' id='word_1_38' title='bbox 1436 542 1609 605; x_wconf 88' lang='lat' dir='ltr'>imple·</span> 
     </span>
     <span class='ocr_line' id='line_1_7' title="bbox 190 605 1607 685; baseline 0.006 -36"><span class='ocrx_word' id='word_1_39' title='bbox 190 614 287 650; x_wconf 87' lang='lat' dir='ltr'>tam</span> <span class='ocrx_word' id='word_1_40' title='bbox 317 605 645 658; x_wconf 84' lang='lat' dir='ltr'>conditionem</span> <span class='ocrx_word' id='word_1_41' title='bbox 671 608 830 656; x_wconf 87' lang='lat' dir='ltr'>valida</span> <span class='ocrx_word' id='word_1_42' title='bbox 867 619 994 656; x_wconf 84' lang='lat' dir='ltr'>sunt.</span> <span class='ocrx_word' id='word_1_43' title='bbox 1067 608 1192 656; x_wconf 90' lang='lat' dir='ltr'>Nam</span> <span class='ocrx_word' id='word_1_44' title='bbox 1233 610 1411 669; x_wconf 85' lang='lat' dir='ltr'>ubique</span> <span class='ocrx_word' id='word_1_45' title='bbox 1435 625 1607 685; x_wconf 82' lang='lat' dir='ltr'>recep·</span> 
     </span>
     <span class='ocr_line' id='line_1_8' title="bbox 191 676 1606 752; baseline 0.006 -37"><span class='ocrx_word' id='word_1_46' title='bbox 191 680 293 716; x_wconf 87' lang='lat' dir='ltr'>tum</span> <span class='ocrx_word' id='word_1_47' title='bbox 344 682 417 720; x_wconf 89' lang='lat' dir='ltr'>est</span> <span class='ocrx_word' id='word_1_48' title='bbox 469 684 520 721; x_wconf 90' lang='lat' dir='ltr'>ut</span> <span class='ocrx_word' id='word_1_49' title='bbox 569 676 868 752; x_wconf 79' lang='lat' dir='ltr'>quipuellam</span> <span class='ocrx_word' id='word_1_50' title='bbox 930 677 1018 723; x_wconf 87' lang='lat' dir='ltr'>sub</span> <span class='ocrx_word' id='word_1_51' title='bbox 1067 676 1358 723; x_wconf 86' lang='lat' dir='ltr'>matrimonii</span> <span class='ocrx_word' id='word_1_52' title='bbox 1406 676 1606 739; x_wconf 87' lang='lat' dir='ltr'>promis-</span> 
     </span>
     <span class='ocr_line' id='line_1_9' title="bbox 189 736 1614 815; baseline 0.004 -31"><span class='ocrx_word' id='word_1_53' title='bbox 189 736 324 786; x_wconf 86' lang='lat' dir='ltr'>sione</span> <span class='ocrx_word' id='word_1_54' title='bbox 351 739 643 805; x_wconf 80' lang='lat' dir='ltr'><strong>deturpavit,</strong></span> <span class='ocrx_word' id='word_1_55' title='bbox 681 743 719 790; x_wconf 89' lang='lat' dir='ltr'>si</span> <span class='ocrx_word' id='word_1_56' title='bbox 758 744 882 790; x_wconf 88' lang='lat' dir='ltr'>nihil</span> <span class='ocrx_word' id='word_1_57' title='bbox 902 743 1033 791; x_wconf 89' lang='lat' dir='ltr'>aliud</span> <span class='ocrx_word' id='word_1_58' title='bbox 1075 744 1254 815; x_wconf 80' lang='lat' dir='ltr'>obstet,</span> <span class='ocrx_word' id='word_1_59' title='bbox 1292 758 1397 791; x_wconf 88' lang='lat' dir='ltr'>eam</span> <span class='ocrx_word' id='word_1_60' title='bbox 1425 742 1614 791; x_wconf 88' lang='lat' dir='ltr'>ducere</span> 
     </span>
     <span class='ocr_line' id='line_1_10' title="bbox 192 816 431 921; baseline 0.013 -70"><span class='ocrx_word' id='word_1_61' title='bbox 192 816 431 921; x_wconf 66' lang='lat' dir='ltr'>teneoatur.</span> 
     </span>
    </p>

    <p class='ocr_par' dir='ltr' id='par_1_3' title="bbox 181 866 1609 1341">
     <span class='ocr_line' id='line_1_11' title="bbox 331 866 1598 941; baseline 0.002 -19.084"><span class='ocrx_word' id='word_1_62' title='bbox 331 866 635 938; x_wconf 87' lang='lat' dir='ltr'>·Sponsalia</span> <span class='ocrx_word' id='word_1_63' title='bbox 660 887 912 941; x_wconf 87' lang='lat' dir='ltr'>contracta</span> <span class='ocrx_word' id='word_1_64' title='bbox 936 878 1025 925; x_wconf 85' lang='lat' dir='ltr'>sub</span> <span class='ocrx_word' id='word_1_65' title='bbox 1069 876 1349 925; x_wconf 86' lang='lat' dir='ltr'>conditione</span> <span class='ocrx_word' id='word_1_66' title='bbox 1375 876 1598 933; x_wconf 85' lang='lat' dir='ltr'>honesta,</span> 
     </span>
     <span class='ocr_line' id='line_1_12' title="bbox 193 940 1603 1007; baseline 0.002 -21"><span class='ocrx_word' id='word_1_67' title='bbox 193 940 281 987; x_wconf 86' lang='lat' dir='ltr'>sed</span> <span class='ocrx_word' id='word_1_68' title='bbox 329 942 469 990; x_wconf 86' lang='lat' dir='ltr'>bonis</span> <span class='ocrx_word' id='word_1_69' title='bbox 519 944 809 991; x_wconf 77' lang='lat' dir='ltr'>matiimonii</span> <span class='ocrx_word' id='word_1_70' title='bbox 854 945 1113 1003; x_wconf 71' lang='lat' dir='ltr'>contraria,</span> <span class='ocrx_word' id='word_1_71' title='bbox 1141 961 1187 991; x_wconf 89' lang='lat' dir='ltr'>v.</span> <span class='ocrx_word' id='word_1_72' title='bbox 1213 961 1260 1007; x_wconf 83' lang='lat' dir='ltr'>g.</span> <span class='ocrx_word' id='word_1_73' title='bbox 1296 945 1387 991; x_wconf 90' lang='lat' dir='ltr'>sub</span> <span class='ocrx_word' id='word_1_74' title='bbox 1434 943 1603 991; x_wconf 87' lang='lat' dir='ltr'>condi-</span> 
     </span>
     <span class='ocr_line' id='line_1_13' title="bbox 193 1003 1613 1068; baseline 0.004 -14"><span class='ocrx_word' id='word_1_75' title='bbox 193 1006 325 1056; x_wconf 85' lang='lat' dir='ltr'>tione</span> <span class='ocrx_word' id='word_1_76' title='bbox 351 1003 585 1058; x_wconf 86' lang='lat' dir='ltr'>castitatis</span> <span class='ocrx_word' id='word_1_77' title='bbox 628 1012 894 1068; x_wconf 77' lang='lat' dir='ltr'>servandae,</span> <span class='ocrx_word' id='word_1_78' title='bbox 931 1013 1094 1061; x_wconf 84' lang='lat' dir='ltr'>valent</span> <span class='ocrx_word' id='word_1_79' title='bbox 1119 1012 1157 1058; x_wconf 86' lang='lat' dir='ltr'>si</span> <span class='ocrx_word' id='word_1_80' title='bbox 1192 1010 1408 1059; x_wconf 84' lang='lat' dir='ltr'>conditio</span> <span class='ocrx_word' id='word_1_81' title='bbox 1449 1027 1613 1059; x_wconf 85' lang='lat' dir='ltr'>verse-</span> 
     </span>
     <span class='ocr_line' id='line_1_14' title="bbox 190 1079 1608 1140; baseline 0.004 -20"><span class='ocrx_word' id='word_1_82' title='bbox 190 1084 269 1121; x_wconf 86' lang='lat' dir='ltr'>tur</span> <span class='ocrx_word' id='word_1_83' title='bbox 295 1075 426 1124; x_wconf 65' lang='lat' dir='ltr'>cinca</span> <span class='ocrx_word' id='word_1_84' title='bbox 451 1079 740 1126; x_wconf 76' lang='lat' dir='ltr'>matrimonii</span> <span class='ocrx_word' id='word_1_85' title='bbox 771 1095 926 1136; x_wconf 87' lang='lat' dir='ltr'>usum,</span> <span class='ocrx_word' id='word_1_86' title='bbox 956 1085 1037 1140; x_wconf 71' lang='lat' dir='ltr'>Jus</span> <span class='ocrx_word' id='word_1_87' title='bbox 1060 1095 1177 1127; x_wconf 83' lang='lat' dir='ltr'>vero</span> <span class='ocrx_word' id='word_1_88' title='bbox 1212 1087 1488 1126; x_wconf 76' lang='lat' dir='ltr'>reservetur</span> <span class='ocrx_word' id='word_1_89' title='bbox 1512 1094 1608 1139; x_wconf 88' lang='lat' dir='ltr'>quo</span> 
     </span>
     <span class='ocr_line' id='line_1_15' title="bbox 181 1142 1609 1209; baseline 0.001 -20"><span class='ocrx_word' id='word_1_90' title='bbox 181 1142 260 1197; x_wconf 25' lang='lat' dir='ltr'>*uti</span> <span class='ocrx_word' id='word_1_91' title='bbox 287 1143 470 1202; x_wconf 86' lang='lat' dir='ltr'>licebit,</span> <span class='ocrx_word' id='word_1_92' title='bbox 507 1146 546 1193; x_wconf 87' lang='lat' dir='ltr'>si</span> <span class='ocrx_word' id='word_1_93' title='bbox 588 1146 656 1193; x_wconf 86' lang='lat' dir='ltr'>ita</span> <span class='ocrx_word' id='word_1_94' title='bbox 681 1146 832 1193; x_wconf 87' lang='lat' dir='ltr'>visum</span> <span class='ocrx_word' id='word_1_95' title='bbox 856 1147 1005 1193; x_wconf 81' lang='lat' dir='ltr'>fuerit</span> <span class='ocrx_word' id='word_1_96' title='bbox 1033 1145 1389 1209; x_wconf 83' lang='lat' dir='ltr'>Superioribus.</span> <span class='ocrx_word' id='word_1_97' title='bbox 1461 1144 1609 1193; x_wconf 81' lang='lat' dir='ltr'>Ratio</span> 
     </span>
     <span class='ocr_line' id='line_1_16' title="bbox 188 1210 1608 1274; baseline 0.002 -19"><span class='ocrx_word' id='word_1_98' title='bbox 188 1220 263 1256; x_wconf 89' lang='lat' dir='ltr'>est</span> <span class='ocrx_word' id='word_1_99' title='bbox 289 1211 401 1273; x_wconf 86' lang='lat' dir='ltr'>quia</span> <span class='ocrx_word' id='word_1_100' title='bbox 430 1216 511 1274; x_wconf 75' lang='lat' dir='ltr'>jus</span> <span class='ocrx_word' id='word_1_101' title='bbox 552 1213 726 1271; x_wconf 88' lang='lat' dir='ltr'>solum,</span> <span class='ocrx_word' id='word_1_102' title='bbox 763 1228 860 1260; x_wconf 90' lang='lat' dir='ltr'>non</span> <span class='ocrx_word' id='word_1_103' title='bbox 898 1229 1028 1270; x_wconf 81' lang='lat' dir='ltr'>uSuS,</span> <span class='ocrx_word' id='word_1_104' title='bbox 1067 1215 1127 1261; x_wconf 90' lang='lat' dir='ltr'>ad</span> <span class='ocrx_word' id='word_1_105' title='bbox 1155 1213 1415 1260; x_wconf 85' lang='lat' dir='ltr'>essentiam</span> <span class='ocrx_word' id='word_1_106' title='bbox 1442 1210 1608 1260; x_wconf 89' lang='lat' dir='ltr'>matri-</span> 
     </span>
     <span class='ocr_line' id='line_1_17' title="bbox 190 1278 845 1341; baseline 0.009 -18"><span class='ocrx_word' id='word_1_107' title='bbox 190 1278 337 1323; x_wconf 80' lang='lat' dir='ltr'>monii</span> <span class='ocrx_word' id='word_1_108' title='bbox 363 1279 593 1341; x_wconf 74' lang='lat' dir='ltr'>peitinet.</span> <span class='ocrx_word' id='word_1_109' title='bbox 840 1287 845 1306; x_wconf 76' lang='lat'><em>&#39;</em></span> 
     </span>
    </p>

    <p class='ocr_par' dir='ltr' id='par_1_4' title="bbox 126 1344 1630 2217">
     <span class='ocr_line' id='line_1_18' title="bbox 258 1344 1612 1410; baseline 0 -18"><span class='ocrx_word' id='word_1_110' title='bbox 258 1347 339 1391; x_wconf 85' lang='lat'>60·</span> <span class='ocrx_word' id='word_1_111' title='bbox 367 1346 651 1394; x_wconf 86' lang='lat' dir='ltr'>Notandum</span> <span class='ocrx_word' id='word_1_112' title='bbox 677 1356 752 1395; x_wconf 91' lang='lat' dir='ltr'>est</span> <span class='ocrx_word' id='word_1_113' title='bbox 771 1362 833 1395; x_wconf 86' lang='lat' dir='ltr'>ex</span> <span class='ocrx_word' id='word_1_114' title='bbox 851 1344 1166 1410; x_wconf 83' lang='lat' dir='ltr'>probabiliori</span> <span class='ocrx_word' id='word_1_115' title='bbox 1199 1345 1444 1395; x_wconf 87' lang='lat' dir='ltr'>sententia</span> <span class='ocrx_word' id='word_1_116' title='bbox 1465 1358 1612 1408; x_wconf 88' lang='lat' dir='ltr'>spon-</span> 
     </span>
     <span class='ocr_line' id='line_1_19' title="bbox 190 1411 1608 1478; baseline 0 -19"><span class='ocrx_word' id='word_1_117' title='bbox 190 1411 309 1459; x_wconf 86' lang='lat' dir='ltr'>salia</span> <span class='ocrx_word' id='word_1_118' title='bbox 356 1414 446 1461; x_wconf 83' lang='lat' dir='ltr'>sub</span> <span class='ocrx_word' id='word_1_119' title='bbox 489 1413 770 1463; x_wconf 89' lang='lat' dir='ltr'>conditione</span> <span class='ocrx_word' id='word_1_120' title='bbox 815 1414 935 1462; x_wconf 87' lang='lat' dir='ltr'>inita</span> <span class='ocrx_word' id='word_1_121' title='bbox 982 1415 1146 1463; x_wconf 88' lang='lat' dir='ltr'>statim</span> <span class='ocrx_word' id='word_1_122' title='bbox 1197 1423 1309 1478; x_wconf 89' lang='lat' dir='ltr'>post</span> <span class='ocrx_word' id='word_1_123' title='bbox 1356 1412 1608 1476; x_wconf 85' lang='lat' dir='ltr'>impletam</span> 
     </span>
     <span class='ocr_line' id='line_1_20' title="bbox 190 1479 1610 1546; baseline 0.002 -21"><span class='ocrx_word' id='word_1_124' title='bbox 190 1480 521 1531; x_wconf 84' lang='lat' dir='ltr'>conditionem</span> <span class='ocrx_word' id='word_1_125' title='bbox 548 1483 709 1530; x_wconf 88' lang='lat' dir='ltr'>valere</span> <span class='ocrx_word' id='word_1_126' title='bbox 745 1483 931 1546; x_wconf 85' lang='lat' dir='ltr'>absque</span> <span class='ocrx_word' id='word_1_127' title='bbox 967 1499 1092 1530; x_wconf 92' lang='lat' dir='ltr'>novo</span> <span class='ocrx_word' id='word_1_128' title='bbox 1119 1484 1378 1539; x_wconf 75' lang='lat' dir='ltr'>consenSU,</span> <span class='ocrx_word' id='word_1_129' title='bbox 1414 1479 1452 1528; x_wconf 91' lang='lat' dir='ltr'>si</span> <span class='ocrx_word' id='word_1_130' title='bbox 1489 1496 1610 1528; x_wconf 85' lang='lat' dir='ltr'>neu-</span> 
     </span>
     <span class='ocr_line' id='line_1_21' title="bbox 188 1549 1609 1613; baseline 0.001 -20"><span class='ocrx_word' id='word_1_131' title='bbox 188 1556 264 1594; x_wconf 84' lang='lat' dir='ltr'>tra</span> <span class='ocrx_word' id='word_1_132' title='bbox 305 1563 414 1610; x_wconf 87' lang='lat' dir='ltr'>pars</span> <span class='ocrx_word' id='word_1_133' title='bbox 457 1565 749 1597; x_wconf 88' lang='lat' dir='ltr'>consensum</span> <span class='ocrx_word' id='word_1_134' title='bbox 797 1551 1129 1604; x_wconf 56' lang='lat' dir='ltr'>revocaverim</span> <span class='ocrx_word' id='word_1_135' title='bbox 1188 1549 1301 1613; x_wconf 85' lang='lat' dir='ltr'>quia</span> <span class='ocrx_word' id='word_1_136' title='bbox 1344 1562 1609 1596; x_wconf 82' lang='lat' dir='ltr'>consensus</span> 
     </span>
     <span class='ocr_line' id='line_1_22' title="bbox 188 1615 1609 1678; baseline 0.001 -16"><span class='ocrx_word' id='word_1_137' title='bbox 188 1615 528 1664; x_wconf 88' lang='lat' dir='ltr'>conditionalis</span> <span class='ocrx_word' id='word_1_138' title='bbox 575 1616 747 1663; x_wconf 87' lang='lat' dir='ltr'>transit</span> <span class='ocrx_word' id='word_1_139' title='bbox 786 1616 836 1662; x_wconf 90' lang='lat' dir='ltr'>in</span> <span class='ocrx_word' id='word_1_140' title='bbox 882 1618 1175 1664; x_wconf 88' lang='lat' dir='ltr'>absolutum.</span> <span class='ocrx_word' id='word_1_141' title='bbox 1249 1616 1301 1663; x_wconf 89' lang='lat' dir='ltr'>Si</span> <span class='ocrx_word' id='word_1_142' title='bbox 1335 1631 1453 1663; x_wconf 89' lang='lat' dir='ltr'>vero</span> <span class='ocrx_word' id='word_1_143' title='bbox 1497 1630 1609 1678; x_wconf 84' lang='lat' dir='ltr'>pars</span> 
     </span>
     <span class='ocr_line' id='line_1_23' title="bbox 186 1682 1611 1747; baseline 0.001 -20"><span class='ocrx_word' id='word_1_144' title='bbox 186 1682 341 1730; x_wconf 82' lang='lat' dir='ltr'>altera</span> <span class='ocrx_word' id='word_1_145' title='bbox 365 1699 655 1730; x_wconf 83' lang='lat' dir='ltr'>consensum</span> <span class='ocrx_word' id='word_1_146' title='bbox 691 1684 1009 1740; x_wconf 85' lang='lat' dir='ltr'>revocaverit,</span> <span class='ocrx_word' id='word_1_147' title='bbox 1047 1682 1290 1747; x_wconf 85' lang='lat' dir='ltr'>sponsalia</span> <span class='ocrx_word' id='word_1_148' title='bbox 1324 1682 1486 1730; x_wconf 87' lang='lat' dir='ltr'>valere</span> <span class='ocrx_word' id='word_1_149' title='bbox 1511 1697 1611 1729; x_wconf 89' lang='lat' dir='ltr'>non</span> 
     </span>
     <span class='ocr_line' id='line_1_24' title="bbox 187 1749 1611 1812; baseline 0.001 -19"><span class='ocrx_word' id='word_1_150' title='bbox 187 1760 389 1812; x_wconf 86' lang='lat' dir='ltr'>possunt</span> <span class='ocrx_word' id='word_1_151' title='bbox 414 1750 505 1797; x_wconf 86' lang='lat' dir='ltr'>nisi</span> <span class='ocrx_word' id='word_1_152' title='bbox 529 1766 683 1798; x_wconf 87' lang='lat' dir='ltr'>novus</span> <span class='ocrx_word' id='word_1_153' title='bbox 709 1762 972 1799; x_wconf 86' lang='lat' dir='ltr'>consensus</span> <span class='ocrx_word' id='word_1_154' title='bbox 1008 1749 1287 1799; x_wconf 82' lang='lat' dir='ltr'>accesserit.</span> <span class='ocrx_word' id='word_1_155' title='bbox 1358 1751 1429 1797; x_wconf 87' lang='lat' dir='ltr'>At</span> <span class='ocrx_word' id='word_1_156' title='bbox 1462 1763 1611 1812; x_wconf 89' lang='lat' dir='ltr'>spon-</span> 
     </span>
     <span class='ocr_line' id='line_1_25' title="bbox 189 1815 1614 1878; baseline -0.001 -15"><span class='ocrx_word' id='word_1_157' title='bbox 189 1832 271 1863; x_wconf 88' lang='lat' dir='ltr'>sus</span> <span class='ocrx_word' id='word_1_158' title='bbox 305 1816 383 1878; x_wconf 87' lang='lat' dir='ltr'>qui</span> <span class='ocrx_word' id='word_1_159' title='bbox 426 1833 716 1865; x_wconf 89' lang='lat' dir='ltr'>consensum</span> <span class='ocrx_word' id='word_1_160' title='bbox 760 1818 1022 1875; x_wconf 89' lang='lat' dir='ltr'>revocavit,</span> <span class='ocrx_word' id='word_1_161' title='bbox 1061 1825 1257 1866; x_wconf 87' lang='lat' dir='ltr'>tenetur</span> <span class='ocrx_word' id='word_1_162' title='bbox 1297 1815 1433 1863; x_wconf 88' lang='lat' dir='ltr'>illum</span> <span class='ocrx_word' id='word_1_163' title='bbox 1470 1830 1614 1863; x_wconf 87' lang='lat' dir='ltr'>reno-</span> 
     </span>
     <span class='ocr_line' id='line_1_26' title="bbox 189 1884 1613 1947; baseline -0.001 -17"><span class='ocrx_word' id='word_1_164' title='bbox 189 1898 321 1941; x_wconf 80' lang='lat' dir='ltr'>vare,</span> <span class='ocrx_word' id='word_1_165' title='bbox 383 1884 499 1931; x_wconf 86' lang='lat' dir='ltr'>nihil</span> <span class='ocrx_word' id='word_1_166' title='bbox 541 1885 738 1932; x_wconf 88' lang='lat' dir='ltr'>aliunde</span> <span class='ocrx_word' id='word_1_167' title='bbox 781 1886 974 1940; x_wconf 87' lang='lat' dir='ltr'>obstet;</span> <span class='ocrx_word' id='word_1_168' title='bbox 1012 1885 1123 1947; x_wconf 89' lang='lat' dir='ltr'>quia</span> <span class='ocrx_word' id='word_1_169' title='bbox 1162 1893 1442 1932; x_wconf 85' lang='lat' dir='ltr'>contractus</span> <span class='ocrx_word' id='word_1_170' title='bbox 1496 1897 1613 1930; x_wconf 89' lang='lat' dir='ltr'>con-</span> 
     </span>
     <span class='ocr_line' id='line_1_27' title="bbox 192 1949 1612 2015; baseline 0 -18"><span class='ocrx_word' id='word_1_171' title='bbox 192 1951 459 2000; x_wconf 81' lang='lat' dir='ltr'>ditionatus</span> <span class='ocrx_word' id='word_1_172' title='bbox 506 1952 755 2015; x_wconf 87' lang='lat' dir='ltr'>duplicem</span> <span class='ocrx_word' id='word_1_173' title='bbox 809 1951 1159 2015; x_wconf 76' lang='lat' dir='ltr'>obligationem</span> <span class='ocrx_word' id='word_1_174' title='bbox 1204 1950 1412 2008; x_wconf 87' lang='lat' dir='ltr'>inducit,</span> <span class='ocrx_word' id='word_1_175' title='bbox 1467 1949 1612 1998; x_wconf 87' lang='lat' dir='ltr'>aliam</span> 
     </span>
     <span class='ocr_line' id='line_1_28' title="bbox 190 2015 1609 2083; baseline -0.001 -17"><span class='ocrx_word' id='word_1_176' title='bbox 190 2029 419 2067; x_wconf 86' lang='lat' dir='ltr'>eventum</span> <span class='ocrx_word' id='word_1_177' title='bbox 480 2020 772 2067; x_wconf 85' lang='lat' dir='ltr'>conditionis</span> <span class='ocrx_word' id='word_1_178' title='bbox 838 2019 1149 2083; x_wconf 82' lang='lat' dir='ltr'>expectandi,</span> <span class='ocrx_word' id='word_1_179' title='bbox 1211 2019 1415 2066; x_wconf 89' lang='lat' dir='ltr'>alteram</span> <span class='ocrx_word' id='word_1_180' title='bbox 1461 2015 1609 2066; x_wconf 85' lang='lat' dir='ltr'>fidem</span> 
     </span>
     <span class='ocr_line' id='line_1_29' title="bbox 191 2085 1630 2148; baseline -0.001 -15"><span class='ocrx_word' id='word_1_181' title='bbox 191 2085 473 2148; x_wconf 80' lang='lat' dir='ltr'>adimpletae</span> <span class='ocrx_word' id='word_1_182' title='bbox 498 2086 766 2134; x_wconf 88' lang='lat' dir='ltr'>conditioni</span> <span class='ocrx_word' id='word_1_183' title='bbox 792 2086 954 2135; x_wconf 84' lang='lat' dir='ltr'>datam</span> <span class='ocrx_word' id='word_1_184' title='bbox 982 2085 1286 2136; x_wconf 85' lang='lat' dir='ltr'>exsolvendi.</span> <span class='ocrx_word' id='word_1_185' title='bbox 1628 2099 1630 2104; x_wconf 75' lang='grc'><em>’</em></span> 
     </span>
     <span class='ocr_line' id='line_1_30' title="bbox 126 2140 1613 2217; baseline -0.001 -18"><span class='ocrx_word' id='word_1_186' title='bbox 126 2210 128 2213; x_wconf 81' lang='lat'>.</span> <span class='ocrx_word' id='word_1_187' title='bbox 259 2153 332 2199; x_wconf 82' lang='lat'>8⁰·</span> <span class='ocrx_word' id='word_1_188' title='bbox 373 2155 498 2214; x_wconf 87' lang='lat' dir='ltr'>Cum</span> <span class='ocrx_word' id='word_1_189' title='bbox 524 2170 587 2201; x_wconf 86' lang='lat' dir='ltr'>ex</span> <span class='ocrx_word' id='word_1_190' title='bbox 611 2154 916 2217; x_wconf 84' lang='lat' dir='ltr'>sponsalibus</span> <span class='ocrx_word' id='word_1_191' title='bbox 942 2153 1285 2202; x_wconf 87' lang='lat' dir='ltr'>conditionatis</span> <span class='ocrx_word' id='word_1_192' title='bbox 1322 2140 1480 2199; x_wconf 86' lang='lat' dir='ltr'>multa</span> <span class='ocrx_word' id='word_1_193' title='bbox 1503 2165 1613 2199; x_wconf 87' lang='lat' dir='ltr'>nas-</span> 
     </span>
    </p>

    <p class='ocr_par' dir='ltr' id='par_1_5' title="bbox 188 2218 1626 2486">
     <span class='ocr_line' id='line_1_31' title="bbox 189 2218 1602 2282; baseline -0.002 -14"><span class='ocrx_word' id='word_1_194' title='bbox 189 2232 364 2269; x_wconf 86' lang='lat' dir='ltr'>cantur</span> <span class='ocrx_word' id='word_1_195' title='bbox 405 2220 730 2282; x_wconf 86' lang='lat' dir='ltr'>incommoda,</span> <span class='ocrx_word' id='word_1_196' title='bbox 782 2236 875 2269; x_wconf 88' lang='lat' dir='ltr'>nec</span> <span class='ocrx_word' id='word_1_197' title='bbox 911 2221 1158 2281; x_wconf 84' lang='lat' dir='ltr'>ejusmodi</span> <span class='ocrx_word' id='word_1_198' title='bbox 1205 2218 1447 2282; x_wconf 86' lang='lat' dir='ltr'>sponsalia</span> <span class='ocrx_word' id='word_1_199' title='bbox 1504 2218 1602 2265; x_wconf 89' lang='lat' dir='ltr'>sint</span> 
     </span>
     <span class='ocr_line' id='line_1_32' title="bbox 190 2287 1611 2351; baseline -0.004 -16"><span class='ocrx_word' id='word_1_200' title='bbox 190 2287 460 2335; x_wconf 85' lang='lat' dir='ltr'>Ritualium</span> <span class='ocrx_word' id='word_1_201' title='bbox 485 2289 666 2351; x_wconf 86' lang='lat' dir='ltr'>regulis</span> <span class='ocrx_word' id='word_1_202' title='bbox 691 2296 1053 2344; x_wconf 82' lang='lat' dir='ltr'>consentanea,</span> <span class='ocrx_word' id='word_1_203' title='bbox 1052 2303 1172 2351; x_wconf 61' lang='lat' dir='ltr'>4non</span> <span class='ocrx_word' id='word_1_204' title='bbox 1208 2287 1391 2333; x_wconf 89' lang='lat' dir='ltr'>debent</span> <span class='ocrx_word' id='word_1_205' title='bbox 1416 2300 1477 2332; x_wconf 86' lang='lat' dir='ltr'>ea</span> <span class='ocrx_word' id='word_1_206' title='bbox 1499 2299 1611 2347; x_wconf 88' lang='lat' dir='ltr'>per-</span> 
     </span>
     <span class='ocr_line' id='line_1_33' title="bbox 188 2349 1626 2417; baseline -0.003 -16"><span class='ocrx_word' id='word_1_207' title='bbox 188 2354 385 2402; x_wconf 87' lang='lat' dir='ltr'>mittere</span> <span class='ocrx_word' id='word_1_208' title='bbox 410 2355 630 2411; x_wconf 80' lang='lat' dir='ltr'>Parochi,</span> <span class='ocrx_word' id='word_1_209' title='bbox 667 2371 760 2402; x_wconf 89' lang='lat' dir='ltr'>nec</span> <span class='ocrx_word' id='word_1_210' title='bbox 785 2370 873 2401; x_wconf 88' lang='lat' dir='ltr'>sua</span> <span class='ocrx_word' id='word_1_211' title='bbox 910 2354 1167 2417; x_wconf 71' lang='lat' dir='ltr'>praesentia</span> <span class='ocrx_word' id='word_1_212' title='bbox 1204 2353 1489 2416; x_wconf 88' lang='lat' dir='ltr'>approbare,</span> <span class='ocrx_word' id='word_1_213' title='bbox 1520 2349 1626 2398; x_wconf 85' lang='lat' dir='ltr'>nisi</span> 
     </span>
     <span class='ocr_line' id='line_1_34' title="bbox 190 2423 915 2486; baseline 0 -17"><span class='ocrx_word' id='word_1_214' title='bbox 190 2433 396 2484; x_wconf 81' lang='lat' dir='ltr'>urgeant</span> <span class='ocrx_word' id='word_1_215' title='bbox 425 2423 718 2486; x_wconf 77' lang='lat' dir='ltr'>gravissimae</span> <span class='ocrx_word' id='word_1_216' title='bbox 742 2437 915 2469; x_wconf 84' lang='lat' dir='ltr'>causae.</span> 
     </span>
    </p>

    <p class='ocr_par' dir='ltr' id='par_1_6' title="bbox 188 2483 1613 2686">
     <span class='ocr_line' id='line_1_35' title="bbox 258 2483 1611 2551; baseline -0.004 -14"><span class='ocrx_word' id='word_1_217' title='bbox 258 2493 339 2537; x_wconf 86' lang='lat'>90</span> <span class='ocrx_word' id='word_1_218' title='bbox 380 2490 664 2537; x_wconf 87' lang='lat' dir='ltr'>Notandum</span> <span class='ocrx_word' id='word_1_219' title='bbox 702 2497 775 2537; x_wconf 82' lang='lat' dir='ltr'>est</span> <span class='ocrx_word' id='word_1_220' title='bbox 814 2505 875 2535; x_wconf 86' lang='lat' dir='ltr'>ex</span> <span class='ocrx_word' id='word_1_221' title='bbox 914 2486 1217 2551; x_wconf 86' lang='lat' dir='ltr'>sponsalibus</span> <span class='ocrx_word' id='word_1_222' title='bbox 1267 2483 1611 2533; x_wconf 85' lang='lat' dir='ltr'>conditionatis</span> 
     </span>
     <span class='ocr_line' id='line_1_36' title="bbox 188 2549 1613 2634; baseline -0.004 -32"><span class='ocrx_word' id='word_1_223' title='bbox 188 2571 436 2619; x_wconf 86' lang='lat' dir='ltr'>nunquam</span> <span class='ocrx_word' id='word_1_224' title='bbox 479 2558 686 2619; x_wconf 86' lang='lat' dir='ltr'>publicae</span> <span class='ocrx_word' id='word_1_225' title='bbox 733 2556 999 2603; x_wconf 85' lang='lat' dir='ltr'>honestatis</span> <span class='ocrx_word' id='word_1_226' title='bbox 1036 2554 1457 2634; x_wconf 86' lang='lat' dir='ltr'>impedimentum,</span> <span class='ocrx_word' id='word_1_227' title='bbox 1522 2549 1613 2598; x_wconf 87' lang='lat' dir='ltr'>nisi</span> 
     </span>
     <span class='ocr_line' id='line_1_37' title="bbox 192 2621 1185 2686; baseline -0.004 -16"><span class='ocrx_word' id='word_1_228' title='bbox 192 2633 301 2686; x_wconf 83' lang='lat' dir='ltr'>post</span> <span class='ocrx_word' id='word_1_229' title='bbox 328 2622 576 2686; x_wconf 83' lang='lat' dir='ltr'>impletam</span> <span class='ocrx_word' id='word_1_230' title='bbox 604 2623 954 2681; x_wconf 84' lang='lat' dir='ltr'>conditionem,</span> <span class='ocrx_word' id='word_1_231' title='bbox 991 2621 1185 2670; x_wconf 83' lang='lat' dir='ltr'>exoriri.</span> 
     </span>
    </p>
   </div>
   <div class='ocr_carea' id='block_1_3' title="bbox 313 2751 1486 2821">
    <p class='ocr_par' dir='ltr' id='par_1_7' title="bbox 313 2751 1486 2821">
     <span class='ocr_line' id='line_1_38' title="bbox 313 2751 1486 2821; baseline -0.004 -17"><span class='ocrx_word' id='word_1_232' title='bbox 313 2756 395 2804; x_wconf 86' lang='lat' dir='ltr'>De</span> <span class='ocrx_word' id='word_1_233' title='bbox 412 2757 565 2821; x_wconf 79' lang='lat' dir='ltr'>poenis</span> <span class='ocrx_word' id='word_1_234' title='bbox 589 2774 618 2804; x_wconf 86' lang='lat' dir='ltr'>a</span> <span class='ocrx_word' id='word_1_235' title='bbox 648 2754 949 2819; x_wconf 75' lang='lat' dir='ltr'>Sponsalibus</span> <span class='ocrx_word' id='word_1_236' title='bbox 981 2755 1209 2805; x_wconf 81' lang='lat' dir='ltr'>resilientz</span> <span class='ocrx_word' id='word_1_237' title='bbox 1244 2751 1486 2820; x_wconf 78' lang='lat' dir='ltr'>impositis.</span> 
     </span>
    </p>
   </div>
   <div class='ocr_carea' id='block_1_4' title="bbox 264 2881 1711 2952">
    <p class='ocr_par' dir='ltr' id='par_1_8' title="bbox 264 2881 1711 2952">
     <span class='ocr_line' id='line_1_39' title="bbox 264 2881 1711 2952; baseline -0.008 -11"><span class='ocrx_word' id='word_1_238' title='bbox 264 2894 456 2952; x_wconf 67' lang='lat' dir='ltr'>Qaezaeres</span> <span class='ocrx_word' id='word_1_239' title='bbox 493 2891 564 2938; x_wconf 88' lang='lat'>10·</span> <span class='ocrx_word' id='word_1_240' title='bbox 594 2900 755 2939; x_wconf 88' lang='lat' dir='ltr'>utrum</span> <span class='ocrx_word' id='word_1_241' title='bbox 805 2889 952 2940; x_wconf 85' lang='lat' dir='ltr'>liceat</span> <span class='ocrx_word' id='word_1_242' title='bbox 999 2888 1048 2936; x_wconf 85' lang='lat' dir='ltr'>in</span> <span class='ocrx_word' id='word_1_243' title='bbox 1095 2887 1401 2952; x_wconf 84' lang='lat' dir='ltr'>sponsalibus</span> <span class='ocrx_word' id='word_1_244' title='bbox 1421 2899 1615 2950; x_wconf 84' lang='lat' dir='ltr'>poenam</span> <span class='ocrx_word' id='word_1_245' title='bbox 1659 2881 1668 2907; x_wconf 57' lang='lat'><em>³</em></span> <span class='ocrx_word' id='word_1_246' title='bbox 1708 2902 1711 2904; x_wconf 49' lang='lat'>&gt;</span> 
     </span>
    </p>
   </div>
   <div class='ocr_carea' id='block_1_5' title="bbox 1369 2965 1614 3017">
    <p class='ocr_par' dir='ltr' id='par_1_9' title="bbox 1369 2965 1614 3017">
     <span class='ocr_line' id='line_1_40' title="bbox 1369 2965 1614 3017; baseline -0.02 -15"><span class='ocrx_word' id='word_1_247' title='bbox 1369 2965 1614 3017; x_wconf 71' lang='lat' dir='ltr'>apponere</span> 
     </span>
    </p>
   </div>
  </div>
 </body>
</html>
