1846 3250
530 173 626 220 DE
661 136 1196 219 MATRIMONIOJ
1470 169 1583 220 285·

149 300 278 351 virili
312 314 551 350 occurrere
583 304 626 345 et
656 295 864 344 Subditis
905 312 1132 360 exponere
1167 309 1305 360 quam
1332 294 1572 357 periculo-

148 386 246 417 sum
283 368 344 415 sit
384 366 434 414 in
475 365 577 429 ipsa
605 363 898 411 Sacramenti
920 364 1206 429 ,susceptione
1228 361 1401 427 Legem
1438 370 1575 411 tanta

150 434 426 485 auctoritate
451 433 701 494 firmatam
743 437 785 477 et
828 430 994 494 ubique
1028 437 1260 497 receptam
1295 430 1577 494 infringere,

155 517 303 568 neque
323 501 427 563 ipsa
443 498 812 573 dispensatione,
840 510 881 545 st
917 498 1018 547 liceo
1038 514 1180 547 causa
1204 497 1412 562 legitima
1438 498 1580 547 desti-

151 578 258 619 tuta
282 569 359 624 sit,
396 568 518 633 ipsos
554 564 779 616 excusari.

232 635 426 694 Quoeres
452 638 529 683 90·
567 632 682 695 quid
705 629 1014 680 sentiendum
1051 631 1113 679 sit
1156 631 1219 680 de
1262 630 1580 680 matrimoniis

159 702 502 760 conscientiae,
528 710 583 749 ut
606 701 759 758 aiunt,
794 700 844 748 id
872 709 963 756 est,
1000 699 1069 747 de
1081 699 1398 749 matrimoniis
1423 713 1587 749 secre—

155 772 215 820 tis
242 786 351 835 quae
377 770 481 818 sine
507 778 764 818 contractu
790 766 1074 829 omissisque
1100 768 1371 815 bannorum
1397 768 1585 817 denun-

161 838 460 894 tiationibu8‚
496 846 581 886 aut
613 837 786 885 saltem
827 835 898 884 ita
934 835 1065 884 inter
1102 835 1278 883 dentes
1303 835 1587 884 obmurmu-

160 906 277 957 ratis
301 916 356 955 ut
377 907 440 954 ab
464 905 736 954 astantibus
759 903 987 980 intelligi·
991 919 1089 952 non
1113 902 1379 967 potuerint,
1420 918 1586 951 coram

164 973 390 1024 Parocho
433 983 596 1022 tamen
638 981 689 1021 et
730 971 937 1053 testibus
973 971 1023 1018 in
1061 970 1301 1020 Ecclesia
1338 971 1588 1019 celebrata

161 1051 292 1091 sunt

232 1109 300 1156 R.
332 1110 406 1155 10·
443 1122 504 1156 ea
542 1104 870 1163 matrimonia,
918 1104 958 1155 si
1005 1111 1170 1172 partes
1210 1104 1408 1155 aliunde
1455 1105 1591 1153 nullo

162 1174 514 1239 impedimento
540 1174 798 1223 dirimente
822 1174 1206 1239 adstringantur,
1239 1174 1402 1222 valere
1428 1174 1593 1237 quoad

164 1244 337 1297 faedus,
372 1242 649 1306 ‘quia'nihss
688 1244 756 1291 eis
795 1243 937 1291 deest
978 1259 1066 1291 seu
1103 1258 1167 1291 ex
1191 1250 1330 1306 parte
1355 1242 1589 1298 materiae,

166 1312 352 1368 formae,
379 1310 613 1367 Ministri‚
641 1326 729 1358 seu
755 1326 822 1359 ex
844 1319 985 1374 parte
1002 1309 1412 1359 contrahentium.
1478 1308 1594 1356 Sola

168 1381 437 1427 bannorum
465 1377 658 1434 omisso,
704 1378 921 1442 quamvis
961 1377 1224 1441 plurimum
1260 1376 1411 1424 noxia
1446 1375 1507 1423 sit
1532 1391 1601 1430 ac(

168 1461 363 1510 prorsus
405 1444 592 1502 illicita,
634 1444 1004 1493 Sacramentum
1052 1455 1215 1493 tamen
1258 1443 1446 1492 irritum
1492 1460 1592 1492 non

167 1513 315 1570 facit,
341 1523 396 1561 nt
418 1522 563 1561 antea
587 1512 811 1560 vidimus.

217 1583 314 1627 20.
353 1580 510 1628 Tallia
548 1579 868 1636 matrimonia,
904 1579 942 1626 si
985 1594 1074 1642 per
1108 1588 1260 1626 totam
1304 1577 1595 1626 contr-aben-

173 1646 291 1696 tium
318 1647 464 1696 vitam
491 1648 730 1704 celentur,
767 1655 880 1694 sunt
899 1646 1117 1710 ⁴graviter
1144 1645 1331 1703 illicita,
1375 1648 1446 1692 10·
1481 1645 1596 1710 quia

171 1715 551 1764 concubinatum
576 1714 788 1776 sapiunt,
807 1714 1192 1777 scandalumque
1216 1713 1407 1777 pariunt
1433 1734 1445 1770 ;
1480 1730 1595 1763 cum

169 1784 231 1831 sit
273 1782 414 1830 valde
452 1782 791 1830 scandalosum
835 1781 1161 1844 conjugaliter
1197 1782 1359 1828 vivere
1390 1783 1502 1829 cum
1538 1780 1596 1828 iis

171 1851 252 1912 qui
278 1866 366 1914 pro
392 1848 683 1911 conjugibus
708 1864 805 1895 non
847 1849 1104 1896 habentur.
1176 1849 1259 1894 20·
1296 1847 1424 1901 Quia
1448 1864 1512 1896 ex
1540 1848 1595 1896 iis

174 1918 363 1965 incerta
410 1932 608 1981 prorsus
650 1916 856 1962 efficitur
904 1930 1167 1978 puerorum
1214 1914 1328 1962 inde
1370 1926 1598 1964 natorum

174 1984 408 2032 conditio.
506 1982 555 2031 Si
583 1982 710 2030 enim
744 1982 915 2029 folium
952 1982 1143 2045 registri
1187 1997 1284 2045 quo
1320 1982 1600 2032 inscribitur

176 2050 411 2113 ejusmodi
453 2049 813 2098 matrimonium
854 2049 1018 2112 aliquo
1057 2065 1173 2097 casu
1211 2050 1527 2108 laceraretur,⁴
1565 2051 1598 2097 ii

178 2134 266 2181 pro
291 2117 465 2181 spuriis
490 2118 815 2165 habebuntur.
891 2121 953 2164 3⁰·
978 2117 1107 2170 Quia
1136 2116 1420 2165 Ludovvicus
1454 2118 1603 2166 XIII.

179 2188 227 2232 in
259 2184 440 2233 Edicto
473 2201 549 2233 an.
592 2188 735 2234 1639.
772 2200 830 2232 ea
868 2185 1110 2247 conjugia,
1149 2195 1383 2247 quantum
1427 2186 1488 2233 ad
1531 2186 1604 2235 ef.

180 2253 340 2301 fectus
378 2252 561 2310 civiles,
598 2251 733 2300 irrita
771 2252 1053 2300 declaravit.
1125 2252 1259 2299 Hinc
1304 2253 1600 2303 Confessarii

181 2320 258 2367 vel
303 2320 528 2377 Parochi,
564 2319 653 2366 nisi
699 2318 1045 2381 urgentissimae
1088 2329 1140 2368 et
1176 2321 1471 2382 gravissimae
1506 2323 1603 2369 sint

184 2402 360 2441 causae,
397 2402 644 2450 nunquam
683 2386 782 2449 pati
823 2386 1004 2434 debent
1031 2397 1116 2435 aut
1140 2388 1256 2435 talia
1297 2389 1603 2436 matrimonia

183 2455 548 2512 contrahantur,
565 2463 652 2501 aut
675 2456 713 2501 si
740 2459 1010 2510 contracta,
1026 2452 1116 2502 diu
1141 2465 1333 2502 secreta
1360 2467 1604 2504 maneant.

189 2521 284 2567 Hae
326 2530 491 2568 autem
537 2536 696 2568 causae
732 2538 838 2583 quae
878 2522 1158 2584 aliquando,
1195 2522 1314 2570 licet
1346 2523 1605 2582 rarissime,

188 2588 472 2651 contingere
509 2599 726 2652 possunt,
764 2588 1059 2636 aestimandae
1095 2599 1207 2637 sunt
1249 2605 1346 2637 non
1389 2605 1451 2638 ex
1496 2591 1602 2656 ipso

187 2653 386 2702 arbitrio
412 2656 818 2714 contrahentium,
855 2656 942 2704 sed
981 2671 1044 2704 ex
1074 2656 1263 2719 judicio
1299 2657 1604 2717 Prndentum

190 2732 256 2768 etr
284 2722 557 2770 Doctorum
603 2723 992 2787 praersertimque
1035 2724 1271 2789 Episcopi
1316 2724 1420 2774 sine
1469 2733 1608 2788 cujus

190 2801 311 2837 nutu
353 2806 402 2836 m
444 2804 495 2838 re
519 2790 640 2839 tanti
683 2792 916 2847 momenti
958 2790 1074 2841 nihil
1113 2806 1325 2857 unquam
1354 2794 1608 2858 ‘agendum

192 2868 281 2904 est.

1456 2993 1608 3042 CAP.
