1846 3250
257 148 350 195 116
750 147 1181 203 TRACTATUS

263 305 266 317 ι
325 282 392 328 R.
419 283 527 327 dist.
551 280 667 328 nihil
693 283 942 348 accepisse
967 300 1196 351 quantum
1227 288 1288 336 ad
1314 290 1672 353 praerogativas,

257 351 492 400 honorem
518 360 567 397 et
595 365 732 398 usum
765 353 1020 416 Ordinum,
1057 374 1184 404 conc.
1207 368 1436 419 quantum
1475 359 1536 406 ad
1562 359 1671 407 cha·

256 429 514 473 ractcrem,
551 427 654 479 neq.

330 485 451 532 Inst.
477 490 557 532 40·
600 487 937 537 Innocentium
964 490 1089 539 inter
1126 502 1175 541 et
1207 492 1477 557 Episcopos
1503 494 1674 542 Mace-

260 552 420 600 doniae
443 555 680 618 agebatur
704 557 766 605 de
790 558 1011 607 iteranda
1036 561 1110 608 vel
1148 577 1243 608 non
1276 556 1500 609 'iteranda
1532 561 1675 610 Ordi-

255 621 474 670 natione.
543 623 691 686 Ergo,
728 629 816 672 διο.
1228 680 1229 683 ¹

327 692 391 739 R.
415 707 518 752 neq.
540 697 663 739 ante.
732 694 990 757 Agebatur
1013 695 1139 743 enim
1166 707 1353 744 tantum
1386 712 1447 746 an
1481 695 1511 743 ii
1538 697 1617 760 qui
1643 714 1672 746 a

260 759 457 807 Bonoso
480 769 618 807 erant
642 760 865 819 ordinati,
903 763 962 810 ad
987 764 1244 811 sacerdotii
1270 764 1477 812 honores
1499 777 1553 812 -et
1583 782 1673 813 ex·

258 826 483 875 ercitium
522 839 683 875 essent
724 830 1031 889 admittendi,
1065 848 1124 880 an
1152 848 1265 880 vero
1303 849 1391 895 per
1434 832 1673 896 poenit‘en·

249 895 376 944 ‘tiam
411 895 723 959 suscipiendI,
759 907 814 946 ut
838 898 903 947 ait
928 899 1137 963 ipsemet
1165 900 1498 948 Innocentius.
1569 901 1674 948 Pri-

255 980 388 1011 mum
426 965 707 1013 asserebant
755 966 983 1030 Episcopi
1026 969 1347 1026 Macedones,
1398 968 1668 1017 secundum

254 1031 489 1080 Pontifex
517 1033 783 1082 Romanus.
820 1035 878 1082 Id
894 1041 994 1096 jam
1020 1038 1134 1084 satis
1154 1046 1344 1084 constat
1368 1052 1431 1084 ex
1455 1036 1614 1085 dictis.

324 1099 448 1147 Inst.
476 1101 556 1147 50.
593 1100 839 1150 Dicebant
860 1104 1164 1152 Macedones
1187 1121 1319 1151 omne
1351 1106 1518 1151 vitiu-m
1542 1107 1674 1166 quod

254 1184 289 1214 a
311 1170 481 1215 vitioso
489 1168 663 1232 fuerat
675 1171 908 1233 injectum,
942 1188 1135 1219 verane
1159 1174 1367 1233 leyitima
1395 1172 1670 1219 Sacerdotis

257 1236 569 1284 benedictione
604 1241 833 1300 puryarz'.
884 1240 1039 1303 Atqui
1080 1241 1275 1288 nomine
1313 1240 1667 1289 benedictionis

254 1303 624 1353 ordinationem
670 1306 1027 1370 intelligebant,
1071 1324 1166 1371 qua
1189 1306 1365 1355 iterum
1419 1322 1673 1356 consecra—

252 1372 429 1419 bantur
453 1372 514 1421 ad
538 1385 648 1420 suas
671 1373 950 1424 functiones
970 1376 1287 1434 exercendas.

308 1441 460 1488 Ru.
483 1441 599 1488 min.
635 1441 760 1489 Nam
800 1453 901 1490 tum
943 1444 1244 1492 Macedones
1283 1455 1383 1490 tum
1426 1443 1667 1492 Innocen-

253 1508 350 1556 tius
388 1525 475 1572 per
500 1524 605 1556 eam
645 1510 1043 1560 benedictionem,
1074 1510 1407 1578 intelligebant
1440 1528 1671 1559 caeremo-

176 1590 179 1592 ’
252 1575 379 1623 niam
406 1592 498 1637 qua
527 1577 761 1625 Haeretici
785 1578 847 1626 ad
875 1579 1143 1627 Ecclesiam
1183 1591 1483 1627 revertentes
1525 1579 1665 1627 simul

251 1643 709 1702 reconciliabantur,
764 1656 813 1695 et
860 1646 908 1693 in
956 1647 1054 1695 suis
1103 1647 1368 1695 Ordinibus
1416 1647 1669 1695 confirma-

246 1712 440 1760 bantur.

318 1779 546 1828 Inst.6⁰.
589 1779 905 1829 Innocentius
949 1780 1082 1830 illico
1123 1781 1349 1831 refellens
1392 1782 1516 1830 banc
1557 1782 1665 1830 Ma-

253 1848 495 1895 cedonum
544 1848 796 1906 rationem,
851 1850 912 1897 de
971 1867 1084 1898 vera
1121 1849 1451 1901 Ordinatione
1483 1865 1663 1897 sermo-

230 1927 361 1963 'nem
382 1912 529 1963 babet
554 1916 626 1963 his
650 1917 837 1965 verbis:
875 1917 1028 1979 Eryo,
1064 1920 1106 1965 si
1147 1921 1215 1965 ita
1250 1925 1328 1980 est,
1365 1918 1666 1980 applicentur

251 1985 319 2030 ad
344 1985 701 2032 ordinationem
752 1985 1006 2048 Sacrileyi,
1044 1985 1282 2042 Adulteri,
1318 1986 1434 2048 quia
1472 2001 1565 2049 per
1594 1985 1665 2032 be-

251 2054 556 2099 nedictionem
586 2054 917 2101 Ordinatiom‘s
950 2056 1155 2101 crimina
1184 2062 1429 2117 putantur
1461 2053 1664 2117 auferri.

324 2120 477 2181 Atqui
504 2120 734 2184 Episcopi
759 2120 1062 2170 Macedones
1102 2123 1272 2186 procul
1316 2120 1463 2168 dubio
1497 2122 1559 2169 de
1584 2136 1665 2169 eo-

250 2188 362 2235 dem
400 2188 730 2250 ordinationis
755 2202 936 2252 genere
960 2187 1226 2253 loquuntur
1250 2205 1307 2237 ac
1334 2189 1662 2236 Innocentius.

247 2257 398 2319 Ergo,
439 2260 527 2303 ὅτε.

317 2325 380 2372 R.
404 2340 451 2370 n.
475 2325 591 2371 min.
629 2323 740 2370 Non
780 2323 924 2380 enim,
961 2323 1138 2388 inquit·
1162 2322 1414 2380 Vitassius‚
1451 2339 1480 2370 a
1519 2321 1660 2369 simili

245 2401 616 2455 argumentatur
659 2392 988 2450 Innocentius,
1023 2391 1109 2439 sed
1135 2390 1353 2457 amajori
1393 2390 1454 2437 ad
1487 2390 1662 2445 minus,

248 2460 476 2507 videlicet
523 2459 570 2506 in
617 2459 748 2507 hunc
783 2457 1012 2508 modum:
1061 2459 1099 2506 si
1135 2459 1344 2522 simplex
1383 2458 1661 2506 benedictio

250 2527 450 2575 crimina
475 2528 634 2574 omnia
658 2527 832 2583 aufert,
871 2528 1023 2575 multo
1059 2527 1211 2591 magis
1236 2542 1294 2573 ea
1318 2526 1506 2590 auferet
1547 2542 1661 2574 vera

249 2605 298 2643 et
336 2596 695 2643 sacramentalis
739 2595 1026 2652 Ordinati03
1061 2610 1118 2644 ac
1161 2594 1363 2657 proinde
1408 2594 1659 2657 Sacrilegi,

247 2662 475 2711 Adulteri
525 2678 621 2709 non
660 2674 772 2710 sunt
812 2663 874 2710 ad
915 2662 1247 2727 poenitentiam
1290 2661 1535 2723 adigendi,
1570 2661 1659 2709 sed

184 2760 188 2765 ‹
226 2729 404 2778 'statim
431 2730 705 2777 sacerdotio
730 2729 1006 2787 addicendi,
1042 2730 1210 2793 sicque
1245 2729 1443 2783 funditis
1465 2728 1657 2783 -tollen-

234 2798 309 2846 ⁴da
332 2797 423 2857 erit
447 2797 733 2860 poenitentia
750 2798 864 2861 ‘quae
888 2800 948 2846 ab
972 2797 1194 2845 Ecclesia
1218 2813 1305 2860 pro
1324 2798 1465 2844 variis
1484 2812 1660 2861 pecca-

236 2866 303 2914 tis
328 2864 574 2927 infligitur.
646 2863 804 2926 Igitur
826 2866 889 2913 de
903 2864 1246 2913 benedictione
1270 2863 1657 2913 reconciliatoria

246 2945 295 2983 et
322 2933 558 2984 Ordinurn
594 2931 954 2984 :confirmatoria
983 2933 1308 2999 loquebantur
1332 2924 1653 3004 Macedones,

1537 3013 1650 3062 qula
