1846 3250
277 169 344 221 70
771 167 1193 218 TRACTATUS

262 322 293 353 a
315 302 598 353 mulieribus
623 303 802 367 suscipi
827 304 1060 368 probatur
1090 307 1159 352 10·
1192 321 1255 353 ex
1282 305 1421 370 praxi
1448 307 1687 358 Ecclesiae

261 382 326 421 et'
351 388 592 421 consensu
634 373 846 420 omnium
870 373 1253 435 ,Theologorum
1292 377 1371 422 20·
1396 375 1510 439 quia
1543 377 1684 428 multi

260 458 323 490 ex
349 440 445 488 illis
471 439 752 498 Ordinibus,
788 440 1021 489 videlicet
1052 441 1353 501 diaconatuS,
1389 443 1681 493 subdiacon-

259 520 385 565 atus,
422 508 703 562 lectoratus,
731 513 812 570 jus
854 509 1077 558 tribuunt
1118 510 1328 557 docendi
1365 511 1413 557 in
1440 513 1681 562 Ecclesia.

258 578 334 624 30·
360 578 488 631 Quia
513 577 723 625 Ordines
762 575 968 625 universi
1006 578 1265 640 quamdam
1295 578 1476 627 habent
1512 597 1680 629 sacer-

258 644 379 695 dotii
421 644 854 709 participationem,
910 651 1046 708 cujus
1086 646 1280 696 minime
1318 663 1524 711 capaces
1566 660 1679 698 sunt

256 713 501 761 mulieres.

321 780 470 829 Dices
501 783 570 827 1⁰·
608 780 916 828 Exstiterunt
953 780 1069 828 olim
1111 780 1160 828 in
1202 782 1428 832 Ecclesia
1472 783 1676 849 Episco-

253 848 414 913 pissae,
451 849 786 914 Praesbyterae,
824 849 1140 907 Diaconissae‚
1184 854 1273 898 ὅτε.
1671 872 1673 874 ·

323 918 405 965 R.
423 917 782 981 Episcopissas,
832 918 1163 982 Praesbyteras
1201 919 1271 966 sic
1309 917 1458 968 fuisse
1499 914 1673 979 dictas,

253 1001 350 1033 non
376 985 436 1033 ab
478 986 640 1049 aliquo
667 984 852 1033 Ordine
879 1002 976 1049 quo
1001 1002 1246 1049 nunquam
1283 986 1485 1036 fuerunt
1524 988 1673 1053 insig-

253 1054 397 1109 nitae3
446 1053 533 1101 sed
558 1069 587 1101 a
609 1053 720 1101 viris
745 1053 858 1108 suis,
898 1052 981 1118 qui
1006 1070 1116 1101 cum
1151 1054 1213 1101 ad
1238 1054 1571 1118 episcopatum
1596 1058 1673 1105 vel

248 1122 440 1186 praesby
445 1131 652 1169 teratum
679 1121 991 1185 eligerentur,
1031 1137 1112 1169 eas
1142 1139 1205 1170 ex
1232 1133 1401 1170 mutuo
1427 1139 1668 1173 consensu

249 1188 654 1254 derelinquebant
694 1189 742 1236 in
768 1190 948 1246 saeculo
971 1199 1085 1238 voto
1111 1189 1347 1239 castitatis
1390 1191 1670 1251 obstrictaS,

247 1267 333 1306 aut
356 1257 405 1304 in
431 1256 722 1306 monasterio
746 1256 1025 1305 solemniter
1050 1258 1307 1320 professas,
1345 1268 1399 1306 ut
1424 1260 1670 1323 colligitur

248 1342 313 1373 ex
350 1339 459 1380 can.
507 1329 588 1374 21.
643 1325 851 1374 Concilii
894 1325 1352 1375 Altissiodorensis:
1379 1364 1381 1366 -
1410 1327 1524 1375 Non
1564 1328 1674 1376 Cic-et

248 1393 549 1455 Praesbytero
576 1402 691 1457 post
704 1402 946 1457 ‚acceptam
971 1393 1327 1442 benedictionem
1357 1397 1408 1441 in
1432 1412 1529 1443 uno
1551 1395 1668 1445 lecto

248 1478 357 1510 cum
380 1462 685 1525 Proesbytera
708 1478 797 1509 sua
820 1463 1039 1508 dormire.

277 1561 279 1563 v
304 1531 564 1584 Quantum
582 1529 641 1577 ad
661 1530 988 1587 Diaconissas,
1015 1545 1107 1577 nec
1127 1529 1276 1577 sacris
1294 1530 1545 1579 Altaribus
1570 1545 1665 1580 nec

245 1596 568 1645 Eucharistiae
593 1596 955 1653 consecrandae,
981 1612 1073 1644 nec
1098 1597 1477 1656 ministrandae,
1464 1601 1663 1647 mservi-

246 1666 418 1719 ebant,
446 1680 538 1719 nec
575 1665 673 1712 ullo
699 1664 885 1712 Ordine
910 1665 1104 1727 proprie
1129 1664 1262 1712 dicto
1286 1665 1484 1714 fuerunt
1519 1667 1662 1731 insig-

246 1732 390 1789 nitae;
429 1732 517 1781 sed
540 1732 636 1780 illae
657 1730 856 1781 fuerunt
880 1734 938 1780 ab
966 1732 1192 1780 Ecclesia
1215 1732 1464 1790 institutae,
1507 1739 1582 1782 10·
1609 1747 1663 1784 ut

242 1800 489 1848 muliebris
536 1816 686 1849 sexus
731 1799 973 1848 honestati
1022 1800 1375 1876 consuleretur,
1435 1802 1660 1852 nimirum

243 1885 354 1917 cum
373 1868 582 1917 foeminis
601 1868 805 1916 dabatur
824 1867 1098 1932 Baptismus
1119 1867 1200 1930 qui
1220 1877 1338 1916 tunc
1357 1884 1443 1933 per
1468 1870 1659 1917 immer-

241 1937 425 1986 sionem
452 1936 661 1985 conferri
687 1937 889 1986 solebat.
951 1939 1016 1982 2⁰·
1055 1935 1125 1983 Ut
1151 1935 1401 1984 viduarum
1428 1953 1542 1985 cura
1566 1939 1659 1987 illis

243 2015 372 2054 esset
410 2005 621 2069 quodam
659 2005 805 2052 modo
846 2003 1119 2053 communis
1158 2020 1268 2053 cum
1301 2005 1541 2062 Diacono,
1579 2007 1658 2054 cui

238 2072 565 2122 obedientiam
605 2082 838 2135 praestare-
868 2072 1182 2132 Jubebantur.
1241 2076 1307 2119 4⁰·
1346 2073 1562 2121 Rusticis
1603 2084 1657 2122 et

239 2140 475 2204 imperitis
500 2139 637 2188 Fidei
679 2139 915 2203 principia
939 2155 1007 2188 ac,
1026 2139 1334 2201 Baptismatis
1360 2139 1478 2189 ritus
1502 2158 1656 2204 expo»

239 2210 438 2266 nebant,
467 2217 525 2263 ,et
548 2207 643 2259 alia
666 2207 840 2256 similia
878 2222 1079 2253 munera
1116 2208 1428 2256 exercebant.
1482 2208 1656 2257 Viduae

238 2276 496 2341 sexaginta
532 2276 595 2327 ad
633 2274 809 2331 minus,
844 2272 1053 2337 virgines
1078 2290 1192 2322 vero
1227 2274 1546 2339 quadraginta
1568 2291 1655 2322 an-

237 2361 408 2393 norum
441 2344 504 2393 ad
528 2342 691 2391 munla
715 2342 1109 2391 Diaconissarum
1152 2342 1473 2404 eligebantur,
1510 2344 1654 2391 casti-

237 2413 350 2460 tatis
367 2423 532 2461 votum
552 2412 858 2461 emittebant
892 2411 1069 2458 Earum
1089 2408 1238 2496 dotes
1247 2409 1654 2475 describitApos-

234 2480 363 2537 tolus
398 2485 419 2529 l
451 2480 577 2528 Tim.
608 2485 657 2528 5.

301 2547 427 2595 [πεί.
462 2546 661 2596 Centies
684 2547 812 2614 apud
839 2547 1082 2594 Auctores
1107 2542 1478 2600 ecclesiasticos,
1514 2547 1656 2596 Auc-

235 2625 391 2663 torem
409 2614 617 2663 Constit.
647 2614 876 2679 Apostol
892 2613 1263 2669 Tertullianum,
1292 2613 1651 2663 Concil.Tru1„

234 2673 415 2741 lanum,
451 2682 722 2740 Nicaenum,
758 2681 939 2744 legitur
969 2679 1284 2733 Diaconissas
1314 2683 1535 2729 ordinari
1569 2683 1650 2731 vel

240 2751 599 2803 Ordinationem
637 2751 894 2811 suscipere..
953 2748 1086 2811 Ergo
1103 2741 1345 2796 mulieres
1367 2759 1481 2798 sunt
1505 2750 1650 2799 Οιᾶίρ

234 2817 442 2867 nationis
466 2832 688 2882 capaces.
1288 2847 1292 2853 -

304 2885 372 2933 R.
393 2886 503 2933 dist.
537 2883 838 2933 Diaconissae
872 2882 1100 2932 dicuntur
1135 2881 1362 2944 ordinari,
1400 2882 1648 2934 Ordinati-

235 2967 376 3003 onem
400 2952 666 3019 suscipere,
686 2952 810 3001 lato
817 2966 985 3011 sensu,
1009 2967 1136 3000 eone.
1155 2952 1369 3017 proprie,
1380 2969 1506 3066 ngq.
1533 2951 1648 3013 Non

1378 3035 1423 3066 ln
1464 3035 1645 3068 Clamur
