1846 3250
461 200 559 249 DE
576 186 579 189 ’
599 198 1098 251 MATmMoNto.
1415 203 1527 249 411⁴

86 332 368 411 benedIctio
406 351 513 397 quae
554 334 851 382 nubentibus
897 317 1246 400 impenditur,
1261 349 1400 383 mera
1441 346 1517 384 est

88 401 395 457 caeremonia,
431 417 495 449 ex
521 401 711 449 Concil.
735 402 871 450 Trid.

158 471 220 519 R
248 471 358 518 disc.
395 468 482 516 Est
509 468 798 516 caeremonia
823 468 1108 528 essentialis,
1134 487 1272 519 conc.
1293 422 1523 518 acciden-

89 537 215 593 talis,
257 554 361 602 neg.
385 536 517 584 Vox.
551 537 839 592 caeremonia,
876 537 1118 601 generalis
1161 549 1252 591 est,
1288 553 1349 586 ac
1390 553 1524 585 com-

91 603 249 652 munis
285 604 388 651 sive
429 603 767 652 essentialibus
805 603 905 652 sive
947 603 1525 667 accidentalibusbcaere-

90 671 278 720 moniis.
351 672 434 720 Sic
477 672 559 735 qui
603 671 665 719 de
708 671 1008 720 caeremoniis
1055 671 1224 720 Missae
1259 672 1520 732 disserunt,

91 739 155 788 de
182 739 551 787 consecratione
578 738 842 802 disputant.

160 808 280 855 Inst.
308 810 386 855 30·
430 807 568 854 Idem
621 806 896 855 Concilium
943 821 1061 855 sess,
1103 808 1185 854 241⁴
1221 822 1330 870 cap.
1378 810 1418 854 1.
1460 807 1524 856 de

95 874 316 922 Reform.
352 874 413 922 sit
456 874 652 938 quidem
698 873 972 921 Parochum
1006 875 1189 921 debere
1231 875 1336 923 haec
1377 876 1528 923 verba

92 938 426 1019 pronuntiare,
485 960 569 1006 ego
616 957 695 990 vos
739 942 1003 1005 conjungo;
1064 941 1152 989 sed
1200 957 1297 987 non
1356 942 1527 991 statuit

93 1009 453 1057 matrimonium
501 1024 608 1056 esse
643 1007 920 1065 invalidam,
957 1008 997 1056 si
1040 1023 1138 1055 non
1186 1007 1528 1071 proferantur3

90 1076 203 1124 imo
223 1076 634 1139 subsequentibus
658 1076 817 1123 verbis
853 1092 950 1122 non
986 1075 1128 1123 aliam
1172 1075 1392 1123 declarat
1427 1092 1528 1125 ma-

94 1142 308 1190 trimonii
334 1142 567 1190 nullitatis
604 1145 801 1190 causam
837 1153 1015 1206 praeter
1043 1143 1325 1191 Sacerdotis
1351 1154 1400 1191 et
1433 1154 1530 1192 tes-

96 1210 216 1258 tium
241 1211 511 1273 praesentiae
536 1210 819 1265 defectum:
862 1211 956 1266 Qui
991 1210 1145 1267 aliter,
1182 1209 1355 1273 inquit,
1392 1229 1529 1275 quam

87 1286 326 1344 praesente
352 1277 573 1326 Paroeho
598 1285 641 1325 et
677 1278 851 1332 duobus
875 1276 950 1325 vel
972 1278 1118 1326 tribus
1154 1277 1344 1326 testibus
1367 1280 1532 1327 matri-

94 1344 296 1392 monium
332 1345 606 1394 contrahere
643 1345 954 1401 attentabunt,
991 1362 1067 1393 eos
1110 1353 1275 1393 sancta
1315 1347 1532 1410 Synodus

96 1412 162 1460 ad
182 1412 248 1459 sic
265 1412 631 1460 contrahendum
650 1413 835 1460 omnino
860 1411 1087 1461 inhabiles
1110 1413 1279 1469 reddit,
1305 1421 1348 1461 et
1372 1413 1535 1475 hujus-

99 1479 225 1527 modi
268 1487 535 1528 contractus
576 1480 740 1532 irritos
781 1488 826 1528 et
874 1479 1024 1528 nullos
1063 1480 1285 1528 decernit.
1395 1481 1531 1543 Ergo

104 1545 384 1594 Sacerdotis
411 1546 692 1595 benedictio
721 1563 818 1593 non
844 1557 916 1595 est
943 1546 1005 1594 ad
1031 1546 1391 1595 conficiendum
1420 1548 1530 1597 Ma-

100 1613 313 1661 ῑιῑιιιοιιίἰ
340 1615 709 1662 Sacramentum
746 1614 1033 1661 essentialis.

86 1696 91 1699 ’
169 1681 228 1729 R.
270 1697 331 1729 ex
372 1692 661 1742 argumento
710 1680 772 1728 ad
818 1697 1061 1728 summum
1110 1697 1255 1744 posse
1304 1682 1534 1735 concludi

102 1747 279 1795 Patres·
322 1746 637 1795 Tridentinos
684 1748 802 1794 nihil
850 1748 1062 1795 voluisse
1122 1748 1196 1796 de
1244 1749 1538 1798 matrimonii

101 1813 331 1862 Ministro
360 1814 579 1872 definire,
616 1816 729 1877 quia
754 1831 832 1863 res
857 1825 931 1863 est
958 1815 1084 1862 inter
1110 1816 1393 1878 Theologos
1420 1833 1537 1864 con-

96 1892 329 1939 troversa,
367 1882 498 1945 quod
525 1882 722 1946 quidem
760 1883 888 1930 ultro
930 1882 1261 1940 concedimus,
1301 1885 1539 1955 quamvis,

100 1958 152 1995 ut
178 1948 363 1996 dictum
392 1959 483 2005 est,
518 1950 568 1995 in
609 1960 823 1997 nostram
868 1950 1159 2004 sententiam
1195 1950 1291 1998 sint
1328 1967 1539 2041 propen—

90 2016 255 2062 siores
280 2033 425 2081 quarn
451 2017 500 2063 in
526 2017 815 2079 oppositam.
1511 2037 1516 2042 ’

170 2084 291 2131 Inst.
340 2088 422 2130 4⁰.
485 2084 860 2147 Congregatio
888 2083 1220 2141 Candinalium
1280 2084 1539 2151 praefatum

101 2151 258 2198 Conc.
287 2150 422 2198 Trid.
461 2151 731 2200 Decretum
769 2151 1116 2214 interpretans,
1152 2162 1279 2200 teste
1307 2153 1540 2216 Fagnano

104 2217 153 2262 in
179 2233 288 2280 cap.
330 2218 468 2274 Quod
501 2218 644 2275 nobis,
684 2219 747 2270 de
773 2219 1087 2266 clandestinis
1126 2219 1348 2281 Sponsal.
1384 2236 1433 2267 n.
1464 2225 1539 2268 15.

104 2284 372 2332 declaravit
410 2302 486 2333 an.
540 2289 683 2339 1580.
723 2304 812 2333 non
856 2286 1094 2350 perti-nere
1132 2288 1198 2334 ad
1234 2287 1540 2336 substantiam

103 2352 390 2401 matrimonii
424 2361 474 2401 ut
509 2352 757 2402 Parachus
796 2352 955 2416 aliqua
991 2353 1128 2401 verba
1160 2357 1399 2418 proferat,
1436 2356 1540 2409 ideo

104 2415 264 2466 valere
287 2420 648 2476 matrimonium,
684 2420 867 2467 etiamsi
903 2420 1041 2467 verba
1076 2420 1264 2483 prolata
1307 2422 1400 2468 sint
1437 2429 1543 2469 tan·

106 2493 202 2532 tum
227 2503 255 2533 a
280 2487 670 2541 contrahentibus,
696 2487 941 2534 dummodo
966 2486 1215 2536 Paroclzus
1232 2488 1295 2536 sit
1310 2504 1540 2553 praesens,

106 2549 212 2600 licet
236 2552 496 2609 dissentiat.
566 2553 630 2610 Er
636 2570 717 2617 go,
744 2557 834 2605 διε.
1304 2586 1307 2594 ·

177 2619 244 2666 R.
281 2571 667 2668 declarationesg
677 2621 783 2669 illas
824 2636 921 2669 non
961 2637 1071 2679 esse
1110 2621 1381 2685 genuinum
1419 2630 1543 2686 opus

111 2686 442 2734 Cardinalium
472 2688 662 2736 Concil.
705 2688 840 2735 Trid.
876 2688 1227 2752 Interpretum‚
1264 2705 1358 2736 nec
1396 2690 1543 2737 ullam

112 2752 300 2800 fidem
288 2753 405 2816 ipsis
438 2770 544 2802 esse
564 2755 909 2812 adhibendam,
947 2766 1000 2803 ut
1038 2767 1210 2819 postea
1244 2756 1433 2804 monuit
1452 2757 1546 2804 alia

111 2820 445 2884 Congregatio
482 2822 812 2879 Cardinalium
852 2838 929 2871 an.
971 2825 1117 2871 1621.
1154 2835 1204 2871 et
1239 2823 1343 2886 ipse
1390 2824 1547 2872 Urba·

113 2902 203 2935 nus
223 2858 387 2983 VIII.
424 2903 502 2936 an.
549 2891 693 2939 1631.
767 2891 905 3002 ΕῘΞ3Ε
955 2891 1104 2939 verba
1149 2890 1280 2954 apud
1327 2889 1547 2954 Sylvium

147 3000 151 3004 .
869 2972 900 3002 n
1498 2972 1547 3012 ιιι
