1846 3250
562 190 659 239 DE
697 184 1192 237 MATRIMONIO.
1483 185 1584 235 2279
1635 143 1643 151 *

173 346 339 397 presse
373 345 403 377 a
426 327 488 376 S.
525 323 765 374 Pontifice
800 321 1021 380 concedi,
1068 323 1140 370 uti
1173 338 1363 384 aequum
1399 330 1489 380 est,
1526 337 1585 370 ac

177 398 311 465 praxi
362 396 558 456 antiqua
605 391 939 440 constitutum.
1030 390 1087 438 In
1136 390 1195 436 iis
1230 407 1347 439 vero
1383 400 1487 455 quae
1525 392 1586 439 ad

176 466 391 533 plebeios
414 471 653 526 spectant,
691 459 903 507 tenenda
927 468 1000 506 est
1025 459 1242 506 locorum
1268 459 1590 508 consuetudo.

180 537 356 585 Monet.
374 531 626 580 Pichlerus
649 528 732 576 lib.
757 532 803 575 11⁴.
840 526 1191 581 Dec'retalium,
1230 527 1303 575 tit.
1327 530 1374 574 21.
1399 543 1448 575 n.
1477 531 1587 577 131.

176 602 390 668 vulgares
423 600 628 649 homines
661 598 710 646 in
765 594 1017 645 Germania
1067 596 1403 662 proesoripsisse
1437 598 1595 661 quoad

178 670 411 721 licentiam
445 668 504 716 ab
539 666 766 731 Episcopo
800 662 1105 712 obtinendam.
1184 663 1367 712 Saltem
1411 665 1593 713 Catho-

180 738 262 787 lici
277 738 502 802 vulgares
526 735 641 782 nihil
666 733 713 779 in
732 732 833 780 ‘hoc
852 739 988 778 tanto
1008 730 1207 793 negotio
1226 746 1373 795 agere
1392 732 1592 791 debent,

176 807 275 855 nisi
309 805 533 854 consulto
568 802 699 867 prius
736 798 975 856 ParochO,
1026 796 1106 863 qui
1159 798 1399 847 clausulas
1447 802 1596 865 prolis

185 866 529 924 educationem
553 878 830 933 spectantes
857 877 1043 916 attente
1063 867 1362 931 perpendat,
1398 870 1596 934 quique,

181 943 227 992 si
267 941 535 1008 periculum
569 938 705 987 Fidei
746 936 1009 992 immineat,
1047 946 1334 984 consensum
1369 936 1600 1003 deneget,

188 1021 272 1061 aut
295 1026 397 1060 rem
422 1019 573 1058 totam
597 1008 660 1056 ad
686 1006 983 1069 Episcopum
1009 1002 1212 1068 rejiciat.

644 1140 868 1207 Specialis
891 1140 1144 1189 adnotatio.

264 1280 445 1330 Sedulo
474 1277 966 1328 *animadvertendum
1009 1286 1082 1325 est
1126 1292 1214 1324 nos
1256 1276 1303 1324 in
1351 1279 1607 1342 propositi-

186 1366 290 1397 one
315 1354 362 1398 6.
387 1365 487 1397 uon
511 1347 691 1394 dixisse
734 1345 1016 1409 simpliciter
1055 1342 1408 1409 cumpluribus
1434 1346 1608 1395 Matri·

185 1418 411 1466 -rnonium
449 1431 555 1464 esse
599 1430 767 1462 verum
806 1430 942 1460 novae
1001 1413 1150 1476 Legis
1198 1413 1612 1471 -Sacramentum;

198 1486 284 1533 sed
310 1502 395 1532 nos
422 1485 469 1531 id
508 1485 767 1531 asseruisse
808 1492 995 1529 tant-um
1035 1481 1097 1528 de
1146 1482 1455 1531 Matrimonio
1492 1487 1616 1550 quod
1658 1482 1661 1487 ‘

199 1555 323 1602 inter
352 1569 575 1617 personas
608 1551 864 1615 baptizatas
914 1550 1009 1597 ritu
1046 1550 1267 1598 Ecclesi'ae
1299 1552 1611 1610 contrahitur,

201 1632 253 1669 et
287 1621 481 1685 quidem
533 1620 720 1666 merito.
811 1618 933 1665 Cum
985 1616 1112 1664 enim
1166 1633 1229 1664 ex
1282 1619 1428 1666 modo
1457 1620 1618 1669 <dictis

191 1700 395 1737 ‘constet
432 1686 797 1736 Matrimonium
832 1685 958 1732 inter
1015 1699 1111 1730 non
1165 1685 1452 1748 baptizatos,
1489 1688 1614 1738 inter

194 1757 496 1815 »Ha-reticos,
555 1755 650 1801 imo
698 1753 959 1817 aliquando
1002 1751 1126 1800 inter
1163 1752 1354 1802 Fideles
1391 1771 1533 1819 posse
1569 1758 1618 1804 in

203 1825 388 1882 ratione
413 1834 693 1872 contractus
718 1824 895 1878 valere,
932 1821 1050 1868 licet
1086 1837 1180 1867 non
1223 1823 1285 1868 sit
1334 1823 1617 1873 Sacramen-

200 1891 326 1949 ru'm,
363 1893 477 1940 inde
511 1906 813 1951 consequens
849 1900 922 1935 est
955 1904 1096 1934 omne
1130 1889 1495 1939 Matrimonium
1522 1910 1617 1941 non

206 1974 314 2008 esse
341 1960 708 2008 Sacramentum
735 1957 925 2020 proprie
950 1955 1151 2012 dictum,
1177 1957 1264 2004 sed
1287 1957 1405 2005 illud
1431 1971 1620 2010 tantum

205 2028 496 2090 ‘quodinter
539 2041 767 2090 personas
825 2024 1094 2088 baptizatas
1151 2025 1246 2072 ritu
1281 2026 1617 2078 ecclesiastico

132 2101 134 2104 '
209 2094 473 2158 perficitur.
565 2094 674 2141 Nec
706 2092 851 2140 alium
887 2107 1081 2140 sensum
1133 2092 1281 2141 habet
1335 2095 1623 2148 Tridentina

216 2163 440 2228 Synodus
475 2177 590 2209 sess.
630 2163 707 2208 24.
748 2161 830 2207 ubi
887 2160 1057 2209 definit
1116 2162 1476 2214 Matrimonium
1528 2184 1625 2216 esse

203 2248 344 2279 71⁰1>ae
372 2231 510 2296 Legis
537 2232 895 2278 Sacramentum.
982 2228 1055 2276 Ibi
1095 2229 1239 2286 enim,
1276 2230 1431 2295 inquit
1454 2234 1625 2283 Jueni-

201 2315 320 2355 nus,
359 2298 629 2347 Concilium
666 2297 879 2360 loquitur
935 2297 997 2345 de
1059 2297 1372 2347 Matrimonio
1431 2303 1627 2365 quoda

216 2365 432 2429 legitimo
458 2365 686 2414 Ministro
723 2365 1053 2429 dispensatum
1096 2365 1258 2425 fuerit,
1297 2370 1627 2434 perstringens

216 2435 444 2484 videlicet
480 2434 790 2482 Lutheranos
833 2443 883 2480 et
922 2433 1208 2482 Calvinistas
1249 2436 1331 2500 qui
1369 2440 1627 2500 nequidem

222 2502 585 2552 Matrimonium
636 2501 868 2563 ejusmodi
921 2501 1048 2549 inter
1101 2502 1416 2553 Sacramenta
1461 2520 1630 2556 recen-

207 2570 313 2619 seri
355 2572 598 2619 volebant.
691 2571 771 2616 Sic
809 2569 1103 2617 Poenitentia
1137 2570 1361 2620 eron-do
1396 2575 1509 2624 s‘unt
1545 2577 1633 2625 Sa-

211 2648 523 2686 cramentum
581 2655 643 2686 ex
700 2638 920 2687 Concilio
958 2637 1092 2685 Trid.
1151 2655 1244 2687 nec
1280 2650 1441 2690 tamen
1477 2645 1632 2694 omnis

228 2705 514 2755 Poenitentia
537 2718 585 2755 et
610 2706 746 2754 Ordo
772 2717 848 2754 est
871 2707 1253 2754 Sacramentum.
1338 2710 1495 2773 Igitur
1523 2714 1635 2762 Ma-

227 2773 500 2837 trlimonium
536 2790 565 2822 a
608 2774 922 2822 Sacramento
964 2774 1264 2822 Matrimonii
1302 2776 1633 2843 distinguitur,

229 2858 340 2890 cum
366 2859 513 2890 unum
538 2842 687 2906 possit
711 2843 921 2890 existere
946 2842 1048 2890 sine
1081 2844 1257 2892 >alten-o.
1351 2846 1639 2898 Distinctio·

230 2927 341 2958 nem
377 2911 502 2958 hanc
536 2911 715 2977 apertis
754 2910 911 2958 verbis
949 2910 1229 2974 exprimunt
1278 2913 1441 2976 plures
1495 2917 1642 2967 Cate-

229 2979 416 3039 chismi,
451 2978 501 3026 in
535 2977 708 3043 quibus
752 2978 937 3028 *dicitur
988 2979 1353 3028 Matrimonium
1402 2997 1432 3031 a
1468 2982 1640 3035 Sacra-

1476 3067 1642 3105 mento
