1846 3250
509 141 606 202 DE
647 142 1144 202 MA'TRIMONIO.
1441 151 1562 202 267.

111 306 171 339 eo
197 297 441 354 praetextu
466 287 634 352 quod
622 304 671 334 m
697 288 817 335 urbe
842 285 1104 349 vectigalia
1135 284 1344 343 solvant,
1377 283 1540 347 ibique

112 358 345 422 paschale
369 356 588 404 debitum
615 356 865 418 expleant.
952 357 1202 407 Quantum
1226 369 1342 402 vero
1359 353 1431 401 ad
1455 369 1542 402 eos

113 426 199 490 qui
222 441 309 490 per
333 428 562 486 maiorem
587 423 700 470 anni
722 432 911 485 partem
950 421 999 467 in
1040 422 1161 469 urbe
1202 420 1408 485 degunt,
1446 437 1543 469 nec

114 509 228 541 rure
251 502 615 540 commorantur
639 489 729 536 nisi
766 504 929 536 rerum
978 488 1281 551 agendarum
1303 500 1388 537 aut
1414 488 1543 537 coelo

113 558 340 608 liberiore
365 558 558 607 fruendi
583 572 747 615 causa,
767 555 945 604 sufficit
969 571 1139 604 eorum
1163 556 1359 604 banna
1347 572 1397 604 m
1422 557 1549 608 urbe

115 625 407 675 denuntiari.
1529 654 1534 658 „

184 697 266 741 6⁰·
306 693 357 742 Si
392 693 558 757 puella
592 701 736 740 aetate
773 695 942 769 major,
976 668 1065 754 per
1098 676 1316 739 notabile
1356 702 1548 756 tempus

116 761 165 808 in
191 761 498 810 monasterio
534 769 835 810 commorata
867 760 947 816 sit,
985 774 1083 807 non
1119 759 1277 806 solum
1312 758 1360 805 in
1398 761 1550 808 Paro*-

117 827 228 877 chia
266 828 572 886 Monasterii,
609 829 690 875 ubi
726 842 898 889 parum
960 835 1078 885 nota
1133 836 1226 882 est,
1276 827 1364 874 sed
1401 828 1553 875 etiam

117 897 168 943 in
191 897 342 960 patris
366 907 451 945 aut
474 895 640 944 matris
665 894 923 949 Parochia,
962 893 1043 944 ubi
1068 893 1228 943 notior
1261 904 1350 950 est,
1388 891 1552 942 banna

117 964 475 1027 promulganda
519 972 648 1020 sunt,
708 971 763 1010 ut
819 961 970 1011 docet
1028 960 1249 1012 Collator
1286 961 1550 1024 Andegav.

123 1031 174 1078 Si
201 1046 326 1094 ‚vero
383 1031 446 1086 sit
482 1033 563 1078 25.
620 1029 757 1077 annis
816 1029 987 1083 minor,
1047 1044 1145 1075 non
1202 1029 1362 1091 potuit
1405 1030 1554 1077 etiam

121 1114 210 1162 per
245 1097 678 1147 commorationem
713 1112 922 1149 annuam
960 1095 1285 1153 domicilium,
1343 1105 1399 1144 ut
1452 1113 1554 1144 ma-

122 1165 399 1214 trimonium
458 1165 732 1221 contrahat,
792 1163 1064 1227 acquirere.
1106 1159 1112 1165 ’
1163 1164 1311 1212 Unde
1358 1164 1556 1223 sufficit,

123 1232 184 1281 ad
223 1243 443 1281 tenorem
468 1233 758 1282 Edictorum
801 1232 1067 1293 regiorum,
1109 1241 1162 1281 ut
1209 1230 1260 1278 in
1307 1231 1558 1279 domicilio

122 1316 249 1348 novo
274 1301 454 1349 actuali
481 1310 530 1348 et
554 1300 603 1346 in
628 1298 876 1351 domicilio
904 1299 1026 1361 juris
1067 1298 1228 1346 hanna
1251 1300 1562 1361 proclamen-

124 1378 219 1416 tur.
289 1368 367 1416 Ita
392 1367 577 1415 decidit
603 1366 836 1423 Officialis
881 1364 1163 1420 Parieiensis
1187 1366 1237 1413 in
1264 1366 1452 1430 Opusc.
1478 1381 1557 1414 an.

129 1436 275 1485 1786.
303 1452 332 1483 a
359 1435 573 1486 Domino
600 1433 765 1481 Thuet
795 1433 946 1480 edito.

198 1503 392 1559 Quaeres
434 1504 515 1549 20·
550 1501 746 1549 ubinam
792 1500 955 1547 banna
1011 1498 1253 1548 minorum
1310 1498 1393 1564 qui
1442 1515 1561 1549 nec÷

127 1569 242 1618 dum
292 1572 374 1618 25.
421 1570 577 1624 aetatis
630 1580 810 1623 annum
867 1567 1080 1621 assecuti
1115 1573 1246 1627 sunt}
1282 1566 1563 1616 denuntiari

129 1647 391 1701 oporteat.
381 1639 396 1687 Ρ,
1366 1674 1373 1681 .

197 1705 265 1752 R.
303 1720 471 1761 eorum
508 1704 668 1757 banna
708 1717 814 1762 esse
868 1699 1203 1750 denuntianda
1250 1718 1349 1750 non
1401 1702 1561 1750 solum

129 1772 179 1821 in
218 1772 454 1821 Parochia
495 1770 576 1818 ubi
619 1771 803 1818 habent
844 1769 1142 1818 domicilium
1182 1768 1320 1825 facti,
1363 1785 1451 1818 seu
1477 1770 1565 1817 ubi·

130 1839 193 1888 de
217 1839 349 1889 facto
379 1847 757 1894 commorantur,
795 1837 883 1884 sed
926 1836 1074 1887 etiam
1111 1836 1161 1884 in
1199 1836 1440 1884 Parochia
1476 1837 1563 1884 ubi

130 1907 312 1974 habent.
349 1905 647 1957 domicilium
675 1904 815 1966 jutis,
876 1902 926 1950 id
984 1910 1076 1960 est,
1113 1903 1162 1950 in
1202 1904 1442 1952 Parochia
1476 1919 1569 1967 pa-

132 1985 342 2030 rentum,
377 1983 595 2020 tutorum
645 1982 731 2018 aut
791 1980 1089 2027 curatorum,
1151 1970 1220 2018 uti
1256 1971 1563 2019 declaratum

133 2040 292 2089 estin
331 2039 518 2096 Edictis
576 2039 769 2095 Ludov.
832 2037 972 2093 XIV.
1029 2053 1108 2094 an.
1167 2041 1313 2096 1669,
1362 2048 1413 2087 et
1449 2039 1565 2087 anni
1646 2065 1650 2070 -

141 2109 285 2157 1647.

209 2175 348 2224 Idem
386 2174 768 2228 conservandum
807 2183 879 2222 est
933 2171 1078 2224 etiam
1115 2181 1344 2237 respectu
1391 2173 1564 2236 viduo.

137 2258 241 2290 rum
267 2253 318 2291 et
342 2240 611 2298 viduarum,
649 2241 687 2288 si
715 2243 794 2293 25,
819 2255 971 2291 annos
991 2240 1206 2288 nondum
1232 2241 1565 2304 expleverint}

134 2310 313 2366 nullam
339 2309 467 2357 enim
511 2309 856 2372 exceptionem
895 2307 1146 2372 patiuntur
1178 2308 1380 2372 praefata
1413 2309 1565 2356 Edic-

138 2388 202 2427 ta.
271 2377 378 2435 Imo
403 2378 622 2439 sequitur
654 2392 738 2435 ex
749 2375 934 2435 eodem
977 2375 1157 2424 Edicto
1192 2377 1355 2430 banna
1394 2392 1567 2425 eorum

139 2444 222 2507 qui
247 2447 327 2492 25.
351 2454 435 2492 aut
461 2449 543 2492 30.
583 2444 719 2492 annis
759 2448 968 2505 majores
1010 2452 1139 2500 sunt,
1175 2444 1334 2492 viduoe
1359 2445 1454 2497 sint
1479 2454 1566 2492 aut

139 2527 257 2588 non,
290 2510 326 2559 si
365 2527 461 2569 una
495 2527 606 2559 cum
641 2512 924 2575 parentibus
960 2520 1341 2569 commorentur,
1383 2510 1473 2560 sed
1506 2511 1566 2559 iis

139 2577 302 2625 insciis
326 2565 660 2626 domicilium
649 2595 698 2625 m
740 2578 835 2625 alia
866 2578 1118 2633 .l³.arochia
1153 2578 1303 2642 paulo
1327 2587 1441 2627 ante
1467 2594 1569 2630 ma-

141 2644 436 2705 trimouium,
496 2646 839 2702 conduxerint,
922 2645 997 2692 in
1031 2655 1238 2709 utraque
1307 2645 1566 2704 Parochia,

141 2711 372 2774 videlicet
411 2713 460 2759 in
495 2712 740 2767 domicilio
776 2723 1050 2776 parentum,
1070 2723 1121 2767 et
1159 2712 1406 2764 domicilio
1432 2716 1568 2762 elan,-

143 2780 307 2836 culum
334 2764 493 2827 electo
519 2796 625 2828 esse
649 2779 996 2830 denuntianda.
1089 2780 1191 2830 Sed
1237 2786 1445 2844 majores
1483 2782 1566 2843 qui

141 2848 271 2895 bona
305 2834 403 2894 fide
438 2856 581 2895 extra
614 2848 912 2896 domicilium
970 2859 1226 2911 parentum
1263 2864 1570 2896 commoran-

142 2924 238 2976 tur,
276 2929 372 2963 non
406 2912 631 2974 videntur
687 2915 862 2974 saltem
921 2914 1111 2972 Edictis
1162 2915 1309 2981 regiis
1345 2914 1572 2965 adstricti

798 2984 909 3040 Aa
1505 2981 1569 3044 ad
