1846 3250
362 166 457 213 14ss
875 161 1301 219 TRACTATUS

355 299 635 377 Episcopo
632 299 720 348 vel
761 299 1014 350 Sacerdoti
1051 303 1346 352 exorcismos
1392 306 1555 370 agenti
1604 308 1760 358 minis

356 381 500 425 trare,
540 368 589 415 in
636 384 771 431 aquae
807 369 1079 419 benedictae
1125 373 1399 436 aspersione
1445 375 1760 425 Sacerdotem

353 436 591 494 comitari,
629 449 679 485 et
719 436 811 484 alia
837 437 1022 486 similia.
1092 438 1172 487 Ex
1211 440 1384 504 quibus
1409 443 1587 492 officiis
1614 445 1760 492 facile

355 503 601 568 colligitur
626 521 709 553 eos
734 505 912 553 debere
937 522 965 553 a
993 507 1237 555 mentibus
1277 509 1373 557 suis
1410 511 1760 560 immunditiam

353 582 404 620 et
422 572 684 637 nequitiam
712 573 905 634 ejicere,
941 574 1037 622 suis
1061 574 1185 623 vitiis
1204 575 1457 641 imperare,
1476 590 1530 628 ut
1553 580 1761 630 habetur

349 640 400 687 in
422 641 693 689 Pontificali
721 643 957 689 Romano.

370 709 529 757 Nec
567 709 731 757 dicant
767 709 961 758 Pseudo
1008 710 1255 759 reformati
1295 723 1586 775 potestatem
1626 716 1760 777 ejici-

344 732 462 826 endi
501 777 752 825 Daemonia
776 793 870 824 non
908 778 1119 826 existere
1160 778 1208 824 in
1234 779 1474 830 Ecclesia.
1543 783 1669 831 Nam
1695 784 1756 832 de

350 844 587 892 Ministris
642 846 701 893 ab
760 845 985 893 Ecclesia
1036 846 1098 894 ad
1144 848 1454 910 expellendos
1496 850 1756 900 Daemones

349 913 579 961 institutis
618 913 800 962 habent
823 914 1117 962 mentionem
1149 915 1356 963 Tertull.
1389 934 1493 981 cap.
1530 921 1611 966 41.
1646 919 1756 967 Lib.

336 982 411 1029 de
470 982 743 1046 Praescript.
815 981 1086 1046 Cyprianus
1135 983 1290 1046 Epist.
1344 986 1424 1032 42.
1484 986 1756 1036 Concilium

337 1049 552 1097 Laodic.
579 1065 655 1097 an.
681 1051 791 1099 302.
816 1065 924 1113 capi
949 1052 1030 1099 26.
1057 1051 1287 1114 Carthag.
1312 1053 1359 1099 4.
1384 1068 1460 1101 an.
1485 1057 1597 1102 398.
1649 1055 1756 1103 Imo

335 1118 510 1165 „multis
546 1117 885 1181 experimentis
925 1117 1072 1166 etiam
1113 1119 1431 1182 posteriorum
1469 1122 1753 1170 saeculorum

329 1185 660 1239 ,confirmatur
699 1185 781 1233 illa
815 1195 1048 1249 potestas,
1084 1186 1201 1234 licet
1224 1203 1353 1251 saepe
1387 1199 1551 1236 careat
1576 1189 1754 1238 effectu

344 1265 546 1317 propter
584 1253 819 1302 infirmam
860 1254 936 1301 vel
984 1253 1253 1302 Exorcistae
1299 1255 1374 1303 vel
1423 1256 1753 1333 Euerg-umeni

333 1321 533 1370 ,Fideni-
602 1324 846 1372 Caeterum
889 1321 1115 1384 gravibus
1161 1322 1225 1370 de
1266 1322 1422 1371 causis
1461 1324 1621 1373 sanxit
1659 1326 1751 1373 Ec·

347 1389 495 1438 clesia
535 1406 595 1438 ne
628 1390 734 1453 quis
771 1389 871 1437 sive
899 1389 1173 1448 Exorcista,
1209 1389 1311 1439 sive
1347 1391 1619 1457 Praesbyter
1647 1393 1750 1441 sine

346 1474 585 1511 consensu
635 1456 865 1523 Episcopi
903 1458 1257 1523 Energumenis
1291 1460 1582 1509 exorcismos
1617 1461 1750 1509 adhi-

343 1527 497 1574 beret·

870 1663 949 1710 De
984 1658 1235 1725 Acolytkis.

412 1797 738 1862 Acolythatus
763 1805 837 1845 est
861 1794 998 1844 Ordo
1022 1795 1217 1844 tradens
1252 1807 1542 1861 potestatem
1580 1815 1750 1850 cereos

341 1867 391 1914 in
432 1865 667 1915 sacrificio
693 1864 859 1913 Missae
896 1879 960 1911 ex
998 1863 1154 1912 officio
1192 1866 1491 1913 accendendi
1534 1877 1582 1915 et
1615 1868 1747 1916 defe-

339 1935 496 1991 rendi,
532 1945 580 1982 et
606 1943 842 1998 praeterea
877 1931 1039 1978 vinum
1064 1943 1113 1979 et
1137 1948 1310 1996 aquam
1334 1935 1383 1980 in
1412 1935 1615 1983 urceolis
1639 1953 1748 1999 por-

331 2003 529 2067 ·rigendi
548 2002 609 2049 ad
634 2002 939 2048 incruentum
964 1999 1252 2048 sacrificium
1277 2002 1563 2051 necessaria.

321 2106 325 2110 -
408 2071 540 2119 Hinc
587 2070 770 2133 duplex
824 2068 950 2115 illius
999 2067 1196 2116 Ordinis
1243 2070 1444 2118 materia
1486 2081 1534 2118 et
1575 2071 1745 2119 forma.

338 2139 501 2186 Prima
526 2148 599 2185 est
624 2135 818 2184 traditio
837 2135 1113 2183 candelabri
1139 2152 1249 2184 cum
1276 2138 1481 2186 candela
1503 2139 1745 2187 extincta:

336 2207 492 2254 forma
532 2221 647 2253 vero
688 2204 802 2251 huic
839 2204 1241 2266 correspondens,
1279 2206 1486 2269 Accipite
1518 2210 1745 2270 certfira-

338 2277 459 2324 rium
483 2290 586 2322 cum
608 2290 750 2327 cereo,
787 2279 830 2319 et
853 2271 1008 2319 sciatis
1030 2288 1108 2318 vos
1130 2274 1195 2319 ad
1215 2273 1499 2320 accendenda
1525 2273 1742 2322 Ecclesiae

337 2341 585 2392 luminaria
630 2339 888 2404 mancipari
931 2338 979 2386 in
1028 2340 1208 2387 nomine
1250 2339 1451 2387 Domini
1462 2361 1501 2395 ,ν
1529 2342 1744 2389 secunda

316 2410 540 2459 amateria
597 2417 670 2456 est
726 2405 920 2454 traditio
978 2404 1160 2453 urceoli
1202 2406 1373 2453 vacui.
1415 2406 1573 2455 forma
1608 2425 1742 2463 vero,

339 2479 549 2541 Accipite
590 2474 818 2523 urceolum
859 2474 924 2521 ad
948 2473 1280 2538 suggerendum
1321 2474 1478 2522 vinum
1508 2484 1552 2523 et
1575 2494 1743 2542 aquam

318 2547 386 2594 ‚in
412 2545 708 2594 Eucharistiae
732 2540 973 2608 sanguinis
1000 2541 1174 2590 Christi
1196 2541 1246 2588 in
1270 2542 1453 2590 nomine
1476 2545 1686 2593 Domini.

408 2612 764 2675 Acolythorum
807 2583 963 2657 officia
1001 2617 1113 2657 sunt
1154 2624 1322 2656 cereos
1363 2611 1650 2668 accendere,
1686 2629 1740 2660 so

336 2680 561 2728 lemniter
605 2679 730 2726 intra
775 2677 977 2725 Missam
1023 2685 1071 2725 et
1106 2674 1155 2722 in
1196 2676 1431 2738 religiosis
1475 2680 1740 2742 processio-

282 2773 283 2777 =
331 2747 478 2794 nibus
502 2747 709 2801 deferre,
733 2744 896 2791 vinum
911 2753 961 2791 et
980 2759 1150 2807 aquam
1185 2744 1247 2791 ad
1269 2744 1433 2792 Missae
1454 2745 1743 2795 sacrificium

339 2830 608 2879 praeparare
633 2824 677 2859 et
707 2812 970 2875 porrigere,
1003 2810 1193 2861 deferre
1218 2811 1534 2872 thuribulum,
1559 2824 1609 2862 et
1633 2814 1741 2861 thu-

311 2904 317 2913 ·
340 2899 393 2931 ra
413 2881 562 2930 *certis
587 2879 921 2927 occasionibus
944 2879 1157 2936 adolere,
1208 2879 1532 2939 Subdiacono„
1548 2881 1738 2936 ,Diaco-

315 2949 805 3012 .no*e't'Praesbytero
829 2946 877 2993 in
919 2946 1069 2997 sacris
1106 2946 1436 2997 functionibus
1458 2947 1743 2995 ministrare.

411 3042 414 3045 ·
1509 3015 1740 3079 Acolythi
