1846 3250
273 189 365 238 168
763 189 1186 240 TRACTATUS

336 325 634 388 Polycarpus
660 324 815 388 Epist.
840 326 901 374 ad
925 325 1099 390 Philip.
1135 326 1336 390 sabjecti
1356 335 1496 376 estote
1510 328 1674 377 Praes-

265 391 435 455 hyteris
459 399 508 439 et
525 391 772 450 Diaconis,
807 395 922 443 siout
946 403 992 443 et
1008 395 1118 445 Deo
1135 404 1186 443 et
1214 395 1412 444 Christo.

336 460 385 507 S.
422 459 642 508 Just-inus
669 461 816 539 Apol.
847 466 891 511 1.
946 464 1200 529 Postquam
1235 464 1568 529 Proepositus
1561 481 1671 527 «rra

265 527 356 575 iias
400 528 496 593 egit
500 563 601 579 ......
607 530 686 594 qui
720 530 841 578 inter
863 548 946 579 nos
967 530 1177 579 Diacom'
1199 540 1437 579 vocantur.

331 596 411 643 Ita
422 569 676 646 <³Clemens
717 598 867 646 Alex.
904 598 1195 664 Cyprianus,
1228 609 1279 646 et
1317 599 1416 655 alii,
1463 615 1526 647 ex
1570 599 1672 663 qui

263 663 355 710 bus
388 674 497 727 post
523 664 831 714 Blondellum
874 667 1171 714 concludunt
1200 668 1530 715 Protestantes
1570 683 1667 714 non

263 731 468 794 coepisse
517 733 789 798 Episcopus
841 734 1143 799 simplicibus
1183 735 1495 800 Praesbyteris
1537 746 1671 782 ante-

261 800 393 863 poni,
451 799 542 848 nisi
592 817 758 850 versus
805 803 1017 851 medium
1076 803 1279 850 secundi
1335 802 1518 861 saeculi,
1574 809 1668 849 nec

262 879 619 944 consequenter
641 886 704 919 ex
721 874 832 932 jure
857 870 1019 918 divino
1036 870 1216 919 habere
1240 871 1371 935 quod
1395 870 1488 918 illis
1512 886 1665 934 praee-

258 935 489 985 mineum.

329 1005 396 1053 R.
426 1010 467 1053 1.
504 1005 811 1055 Blondellum
835 1023 931 1054 non
973 1022 1115 1070 posse
1139 973 1276 1055 nobis
1311 1007 1415 1054 haec
1438 1004 1667 1067 objicere

261 1071 389 1120 Nam
425 1073 632 1138 ipsomet
655 1079 703 1122 4.
740 1075 921 1123 saeculo
947 1075 1183 1123 Ecclesiae
1219 1086 1269 1123 et
1302 1074 1406 1122 aliis
1444 1075 1666 1122 aetatibus

258 1141 665 1205 subsequentibus
689 1152 821 1191 totus
846 1143 1052 1192 Clerus
1041 1160 1089 1190 m
1113 1144 1234 1191 duos
1259 1142 1470 1195 ordines,
1488 1146 1664 1206 nempe

258 1209 635 1273 {praepositorum
667 1212 743 1258 vel
771 1211 1121 1276 Episcoporum
1160 1222 1210 1259 et
1252 1211 1599 1268 Diaconorum‚
1637 1225 1666 1257 a

254 1276 544 1339 quibusdam
601 1279 829 1327 Patribus
888 1279 1280 1342 distribuebatur,
1329 1278 1557 1326 videlicet
1604 1278 1665 1324 ab

251 1344 444 1393 Hilario
491 1346 538 1392 in
581 1347 708 1395 Psal.
760 1350 871 1395 134.
946 1347 1162 1404 Gelasio,
1201 1346 1440 1394 Salviano.
1511 1344 1664 1409 Atqui

248 1423 411 1462 tamen
437 1413 581 1462 hisce*
600 1413 917 1479 tempori-bus,
942 1415 1127 1463 fatente
1155 1414 1427 1468 Blondello‚
1456 1413 1661 1477 Episco-

247 1480 298 1545 pi
324 1482 507 1546 ubique
525 1482 843 1548 Praesbyteris
859 1483 1130 1548 superiores
1154 1483 1470 1531 habebantur.
1529 1482 1663 1544 Ergo

249 1548 526 1598 distributio
551 1552 700 1600 totius
727 1552 860 1601 Cleri
876 1552 931 1598 -in
956 1551 1076 1599 duos
1102 1551 1301 1599 ordines
1319 1566 1414 1599 non
1440 1559 1513 1598 est
1537 1551 1661 1600 ratio

251 1618 578 1667 concludendi
625 1618 864 1682 prioribus
919 1620 1108 1667 saeculis
1164 1619 1346 1667 nullam
1392 1617 1662 1683 Episcopos

248 1685 374 1734 inter
400 1697 450 1734 et
475 1687 803 1752 Praesbyteros
827 1687 978 1735 fuisse
1002 1686 1379 1735 distinctionem.

318 1756 382 1803 R.
407 1757 488 1801 20·
525 1756 632 1803 dzst.
658 1759 770 1820 maj.
809 1755 934 1804 Tres
969 1754 1183 1804 distincti
1229 1755 1436 1803 fuissent
1471 1730 1663 1801 ordines

249 1822 524 1885 aliquande,
576 1840 699 1872 conc.
739 1839 946 1887 semper,
996 1840 1100 1889 neg.
1191 1822 1429 1869 Nimirum
1470 1831 1661 1869 veteres

253 1890 527 1968 Scriptores
582 1891 904 1940 ecclesiastici
962 1907 1049 1955 pro
1100 1890 1241 1939 variis
1292 1888 1661 1938 circumstantiss
1706 1916 1707 1919 =

249 1959 397 2007 modo
423 1958 620 2007 unicum
645 1959 869 2007 ordinem
887 1958 1204 2015 constituunt,
1227 1974 1398 2006 omnes
1425 1957 1662 2005 Ecclesia}

252 2026 508 2076 Ministros
563 2026 894 2076 includentem
954 2037 1003 2075 et
1060 2044 1089 2075 a
1141 2027 1292 2074 Plebe
1344 2025 1662 2080 distinctum3

250 2095 398 2143 mod-o
435 2096 632 2144 Clerum
669 2095 718 2142 in
755 2095 876 2143 duos
912 2095 1105 2144 ord-ines
1140 2094 1448 2151 distribuunt,
1484 2109 1660 2156 nempe

253 2162 607 2227 Episcoporum
650 2163 724 2211 vel
763 2164 1194 2227 Praesbyterorum,
1235 2173 1285 2210 et
1309 2163 1660 2215 Diaconorum,

250 2230 474 2279 nimirum
499 2231 698 2280 relative
722 2231 784 2279 ad
811 2230 1179 2286 Eucharistiam,
1218 2240 1266 2278 et
1292 2230 1487 2294 quidem
1512 2227 1659 2292 aptis·

252 2299 392 2356 sime,
428 2310 541 2347 curn
567 2316 732 2348 eorum
771 2298 852 2346 alii
889 2299 1020 2345 illam
1046 2297 1320 2355 conficiant,
1359 2297 1449 2345 alii
1464 2295 1662 2344 confici·

252 2368 444 2416 entibus
468 2369 675 2416 serviant
695 2388 708 2423 ;
743 2366 905 2423 modo,
924 2377 975 2415 et
998 2367 1191 2430 quidem
1216 2364 1533 2429 frequentiuS,
1559 2374 1658 2411 tres

250 2436 445 2483 ordines
501 2445 758 2485 recensent
815 2435 1183 2499 Episcoporum‚
1243 2433 1658 2497 Praesbyterorum

252 2515 303 2552 et
328 2505 661 2553 Diaconorum
686 2521 772 2552 seu
792 2503 1147 2558 Ministrorum,
1181 2510 1236 2549 ut
1253 2512 1397 2549 antea
1420 2501 1624 2547 vidimus
1645 2519 1657 2555 ;

252 2573 399 2620 modo
447 2572 699 2620 Ministros
746 2572 850 2618 illos
896 2569 1197 2635 explicatius·
1233 2578 1535 2627 enumerant,
1572 2570 1660 2617 ad»-

251 2639 413 2687 dendo
462 2641 812 2697 Subdiaconos,
857 2638 1147 2703 Acolythos,
1193 2642 1283 2685 διο.
1351 2639 1523 2700 Itaque
1570 2653 1659 2701 pro

248 2708 385 2757 varia
405 2707 791 2756 consideratione
814 2724 937 2755 unus
954 2707 1251 2755 Clericorum
1277 2706 1412 2764 ordo,
1437 2706 1513 2754 vel
1541 2706 1656 2762 duo,

250 2777 329 2825 vel
351 2787 466 2833 σεε,
501 2775 578 2823 vel
602 2787 822 2838 quatuor,
862 2776 939 2824 vel
962 2784 1145 2837 septem
1171 2775 1414 2823 recenseri
1437 2785 1659 2838 possunt3

251 2854 303 2893 et
337 2844 496 2908 reipsa
531 2842 751 2891 resensiti
791 2854 917 2891 sunt.
986 2843 1162 2906 Neque
1187 2859 1299 2890 vero
1343 2859 1491 2890 unum
1516 2840 1663 2889 alteri

249 2922 505 2977 repugnat,
540 2912 627 2960 sed·
649 2911 811 2959 omnia
834 2912 938 2959 haec
961 2924 1078 2958 vera
1111 2921 1236 2958 sunt.
1306 2910 1461 2974 Igitur
1496 2925 1556 2957 ex
1596 2923 1655 2956 eo

254 2982 387 3045 quod
446 2981 665 3029 nonnulli
712 2979 835 3029 duos
880 2989 1068 3027 tantum
1116 2978 1307 3027 ordines
1354 2985 1664 3089 emma-mdc,

805 3068 810 3077 ·
1541 3059 1587 3089 m
1629 3058 1654 3090 e
