1846 3250
503 151 602 199 DE
639 148 1138 200 MATRIMONIO.
1442 152 1546 200 433

120 296 353 349 tanquam
381 284 666 333 Canonibus
688 293 737 341 et
758 283 883 346 Legi
910 282 1210 346 evangelicae
1240 282 1551 331 contrarium.

122 358 188 402 3⁰·
226 354 434 407 Quidam
461 352 761 415 respondent
797 362 847 398 et
884 351 1080 427 quidem
1107 350 1299 407 merito,
1336 351 1385 397 in'
1429 364 1547 399 casu

122 422 186 469 de
210 436 308 484 quo
346 420 585 481 agebatur
620 419 752 481 prius
788 418 1148 465 matrimonium
1189 419 1377 466 nullum
1400 417 1552 467 fuisse

119 496 322 551 propter
361 486 696 548 impotentiam
740 495 1028 547 perpetuam
1066 501 1160 546 qua
1186 485 1437 533 laborabat
1471 485 1554 533 illa

121 553 307 601 molier.
378 553 525 601 Unde
565 551 804 615 permittit
840 567 1057 598 summus
1090 550 1335 601 Pontifex
1360 564 1419 600 ut
1455 566 1555 601 rna-

123 622 246 668 ritus
271 621 331 668 ab
355 620 439 667 illa
475 620 714 675 discedet,
752 618 1054 681 providendo
1093 630 1262 666 tamen
1288 620 1350 668 de
1386 634 1556 670 neces-

123 688 260 737 sariis
286 688 692 736 sustentationem
718 687 844 734 vitae.

489 820 572 870 De
607 820 888 890 Polygamz'a
924 821 1189 869 successiva.

199 955 455 1004 Secundus
481 955 672 1019 nuptias
698 955 1049 1001 damnaverunt
1084 968 1143 1000 ac
1169 970 1256 1016 pro
1278 954 1560 1004 fornicatio-

127 1024 268 1070 nibus
300 1024 576 1071 habuerunt
601 1022 917 1110 Montanistae
947 1030 1096 1084 atque
1125 1022 1403 1081 Numnam,
1441 1036 1557 1072 con-

130 1100 205 1139 tra
231 1106 352 1154 quos
375 1090 453 1137 sit.

626 1222 765 1271 PRO
774 1222 1071 1270 POSITIO.

135 1357 418 1425 Polygamia
453 1360 703 1406 successiva
746 1364 840 1403 tam
882 1355 1069 1405 mulieri
1127 1374 1262 1422 quam
1298 1359 1399 1409 viro
1425 1358 1565 1410 licita

509 1433 577 1473 est
612 1425 693 1472 sub
728 1425 859 1489 Lege
892 1424 1177 1497 evangelica.

209 1560 358 1608 Proh.
389 1560 450 1605 1⁰·
487 1577 542 1606 ex
580 1559 850 1622 Soripturis,
894 1561 937 1605 l.
960 1560 1072 1607 Cor.
1103 1560 1148 1607 7.
1176 1562 1258 1607 39.
1297 1560 1480 1610 Mulier
1502 1562 1577 1610 al·

139 1627 296 1691 ligata
322 1634 391 1675 est
414 1628 538 1690 Legi
572 1625 880 1677 matrimonii,
918 1634 1092 1689 quanto
1128 1634 1342 1689 tempore*
1366 1629 1441 1676 vir
1473 1629 1574 1707 cjzss

142 1695 255 1743 vivit
305 1695 428 1758 quod
471 1694 511 1740 si
535 1692 776 1740 dormierit
828 1693 901 1739 vz'r
946 1697 1061 1756 ejus,
1112 1692 1309 1741 laberata
1357 1704 1460 1753 est,·
1497 1699 1574 1744 cui

128 1761 236 1809 ‘vult
272 1762 434 1813 nubat,
470 1762 551 1808 sed
583 1767 762 1806 tantum
802 1775 853 1805 m
898 1761 1118 1807 Domino.
1188 1761 1328 1808 Idem
1366 1762 1573 1811 habetur

141 1828 259 1875 ibid.
283 1845 328 1873 v.
359 1831 405 1874 8.
438 1828 580 1873 Rom.
611 1829 656 1877 7.
685 1830 802 1872 etl.
822 1826 883 1872 ad
912 1826 1124 1873 'limem
1151 1831 1197 1874 5.

144 1902 162 1940 'f
213 1894 362 1942 Proh.
401 1896 481 1940 20.
535 1894 607 1940 Ea
655 1892 940 1955 polygamia
965 1894 1112 1940 licita
1160 1904 1250 1950 est,
1303 1911 1414 1971 quae
1453 1897 1573 1944 nulli

144 1963 271 2025 Legi
296 1962 608 2009 adversatur
646 1961 779 2022 atqui
825 1961 1102 2023 polygamia
1150 1963 1426 2011 successiva
1455 1965 1575 2011 nulli

148 2030 275 2091 Legi
321 2028 620 2075 adversatur.
762 2027 927 2074 ‘Non
974 2027 1104 2090 Legi
1145 2029 1369 2077 naturali.
1441 2032 1577 2078 Nihil

147 2096 275 2144 enim
302 2096 350 2142 in
375 2095 603 2143 secundis
622 2093 800 2156 nuptiis
820 2095 1050 2150 occurrit,
1054 2066 1202 2158 equod
1222 2096 1302 2142 fini
1324 2108 1374 2144 et
1391 2107 1578 2146 naturae
1650 2157 1653 2160 μ

149 2163 439 2210 matrimonii
464 2172 722 2224 repugnet.
792 2162 921 2209 Finis
954 2163 1146 2225 >quippe
1172 2164 1461 2211 matrimonii
1505 2177 1580 2214 est

149 2240 372 2277 mutuum
427 2235 690 2291 conjugum
738 2227 976 2286 levamen,
1027 2230 1235 2278 filiorum
1285 2235 1579 2294 procreatio,

151 2296 421 2346 remedium
469 2306 642 2354 contra
685 2296 1155 2358 concupiscentium.
1242 2299 1368 2347 Haec
1416 2311 1580 2349 autem

153 2365 314 2411 omnia
338 2380 433 2410 non
460 2364 616 2411 minus
642 2363 688 2409 in
714 2364 938 2410 secundis
966 2381 1110 2427 quam
1135 2366 1181 2411 in
1210 2366 1375 2427 primis
1400 2368 1580 2430 nuptiis

153 2431 320 2479 haberi
363 2441 580 2494 possunt.
651 2432 732 2475 20·
777 2431 889 2477 Non
916 2431 1040 2493 Legi
1075 2431 1249 2478 divinae
1285 2433 1387 2480 sive
1412 2437 1583 2483 veteri

152 2499 255 2546 sive
291 2513 445 2545 novae.
514 2498 627 2545 Non
667 2498 837 2554 veteri,
875 2514 988 2545 cum
1031 2499 1140 2546 Lex
1181 2510 1320 2546 vetus
1358 2515 1445 2549 seu
1481 2518 1584 2549 mo-

154 2566 288 2613 saica
311 2565 560 2628 praecipiat
601 2576 654 2611 ut
695 2564 887 2612 Judeus
929 2565 1195 2627 quivisfseu
1221 2567 1359 2629 virgo
1381 2568 1462 2625 sit‚³
1497 2585 1586 2618 seu

157 2632 349 2688 viduus,
385 2632 578 2679 viduam
620 2631 781 2679 fratris
822 2632 898 2679 sui
935 2633 1039 2680 sine
1074 2633 1229 2681 libero
1266 2632 1488 2684 defuncti
1536 2638 1587 2685 in

160 2715 359 2748 uxorem
403 2699 569 2747 ducat.
659 2699 772 2746 Non
814 2698 940 2763 Legi
984 2715 1131 2747 *novae
1163 2714 1251 2749 seu
1294 2702 1584 2765 christianae,

162 2782 271 2831 quae
293 2766 456 2829 potius
490 2767 620 2814 iilam
657 2781 890 2829 expresse
925 2768 1178 2831 permittit,
1215 2780 1272 2816 ut
1295 2770 1454 2817 modo
1488 2771 1585 2829 dic,

161 2845 272 2881 tum
286 2843 382 2881 est.
453 2834 527 2881 3⁰·
563 2833 679 2881 Non
703 2833 828 2896 Legi
869 2835 1230 2883 ecclesiasticae
1242 2836 1413 2884 saltem
1440 2836 1589 2914 g'ene-

163 2900 328 2948 taliter
352 2909 579 2963 receptae,
619 2917 733 2948 cum
758 2901 998 2949 Ecclesiae
1021 2903 1261 2950 secundas
1287 2904 1479 2966 nuptias
1503 2908 1590 2969 pe-

144 2981 276 3016 ⁴suos
304 2967 555 3016 Ministros
583 2968 821 3028 celebret,
859 2978 910 3016 et
949 2984 1059 3016 cum
1103 2968 1374 3018 doctrinam
1412 2985 1589 3021 secun-

1502 3040 1588 3092 das
