1846 3250
208 202 312 251 430
645 195 648 197 “
743 184 1173 248 TRAcTATUs

204 344 311 383 rum
335 331 482 380 vitam
507 329 755 379 suffecisse
781 340 895 379 ante
943 332 1175 380 diluvium
1201 332 1262 380 ad
1300 332 1492 395 generis
1532 335 1622 382 hu-

203 402 416 449 maniae
439 399 706 461 praesertim
749 399 915 461 populi
943 400 1038 447 Dei
1075 400 1492 462 propagationem,
1529 418 1628 448 non

204 484 321 515 vero
346 476 455 527 post
481 465 732 522 diluvium,
760 482 819 512 eo
845 467 973 526 quod
1000 467 1266 514 abbreviati
1291 479 1454 516 essent
1478 468 1631 515 homi·

202 551 317 583 num
344 534 448 581 dies
474 543 524 580 et
548 532 751 579 inducta
775 533 1016 581 sterilitas.

277 602 470 656 Quceres
493 600 570 646 5⁰·
606 616 703 662 quo
729 598 936 661 primum
975 605 1195 663 tempore
1225 600 1459 664 permissa
1482 600 1629 650 fuerit

200 668 457 716 mulierum
482 666 791 729 pluralitas?

229 771 231 773 .
270 736 332 782 R.
375 744 485 798 post
534 733 784 780 diluvium.
881 734 1022 781 Solus
1070 733 1198 782 enim
1248 733 1466 781 Lamech
1515 744 1629 783 ante

202 801 432 850 diluvium
462 800 580 847 duas
621 816 801 847 uxores
842 800 1043 848 habuise
1085 800 1278 864 legitur,
1315 801 1446 863 quod
1472 816 1501 848 a
1541 802 1639 850 SS.

201 869 429 918 Patribus
477 867 723 915 communi
763 883 963 915 assensu
1009 879 1240 931 tanquam
1280 867 1509 916 villicitum
1558 885 1640 935 re·-

199 935 536 1001 prehenditur.
578 947 582 950 ’

272 1004 464 1059 Quaeres
501 1006 583 1050 60·
619 1017 680 1048 an
716 1000 842 1051 solis
890 1001 1093 1059 Judaeis,
1153 1017 1251 1048 non
1299 1010 1461 1049 autem
1510 1001 1626 1066 ipsis

205 1062 501 1125 Gentilibus,
537 1069 672 1116 licita
695 1068 841 1115 fuerit
861 1085 1067 1116 uxorum
1093 1067 1379 1131 pluralitas?

275 1137 337 1184 R.
363 1135 609 1198 duplicem
648 1151 754 1183 esse
779 1151 839 1182 ea
873 1136 935 1182 de
971 1152 1023 1183 re
1051 1136 1413 1197 Theologorum
1440 1144 1636 1183 senten·

205 1204 337 1255 tiffam
409 1201 713 1250 Probabilior
736 1201 929 1249 videtur
952 1204 1194 1251 sententia
1211 1218 1379 1250 eorum
1406 1203 1486 1265 qui
1512 1203 1634 1249 affir-

206 1279 341 1320 mant
365 1269 693 1334 polygamiam
722 1269 1002 1316 Gentilibus
1039 1284 1232 1333 quoque
1259 1268 1410 1316 fuisse
1435 1270 1635 1332 permis-

206 1354 325 1395 sam,
369 1340 430 1383 1⁰·
467 1335 581 1400 quia
624 1337 772 1391 Esau,
810 1336 890 1399 qui
918 1337 979 1383 ad
1018 1337 1253 1400 populum
1279 1335 1378 1383 Dei
1409 1351 1505 1383 non
1528 1353 1637 1399 per-

205 1405 409 1460 tinebat,
445 1404 661 1467 legitur
651 1420 698 1449 1n
726 1403 988 1466 Scripturis
1025 1405 1189 1466 plures
1215 1419 1394 1450 uxores
1419 1403 1635 1461 duxisse,

203 1488 297 1520 nec
339 1481 503 1519 tamen
550 1471 663 1518 ideo
711 1471 1100 1533 reprehenditur.
1172 1473 1237 1516 2⁰·
1276 1471 1404 1523 Quia
1452 1470 1631 1519 Esther

205 1540 288 1603 pia
321 1538 459 1601 virgo
495 1554 732 1600 nusquam
776 1554 917 1600 passa
957 1537 1126 1585 fuisset
1162 1554 1215 1584 se
1250 1539 1469 1584 Assuero
1508 1538 1636 1601 Regi

203 1605 388 1653 infideli
420 1611 522 1666 jam
558 1604 757 1652 habenti
801 1621 1003 1652 uxorem
1041 1606 1088 1651 in
1125 1604 1481 1652 matrimonium
1521 1621 1635 1652 con-

198 1672 373 1735 Jungh
421 1687 515 1734 nec
563 1671 909 1718 Mardochaeus
951 1672 1021 1717 vir
1063 1672 1236 1718 timens
1280 1672 1444 1718 Deum
1492 1671 1635 1733 hujus

207 1738 419 1802 conjugii
458 1748 631 1785 auctor
671 1738 856 1794 fuisset,
894 1738 983 1784 nisi
1021 1747 1210 1785 certum
1237 1737 1406 1784 fuisset
1455 1738 1633 1786 Infide-

202 1807 328 1855 libus
354 1816 472 1852 tunc
496 1805 678 1852 licitam
703 1805 853 1852 fuisse
879 1821 1086 1851 uxorum
1119 1803 1465 1867 pluralitatem.

270 1873 384 1920 Nec
417 1872 551 1920 dicas
576 1872 903 1935 pluralitatem
924 1888 1131 1918 uxorum
1157 1887 1287 1917 nunc
1330 1871 1378 1916 in
1415 1870 1630 1918 Infideli-

204 1943 298 1995 bus
345 1938 619 1987 Ecclesiam
668 1939 960 2001 improbare,
1021 1954 1132 1985 cum
1193 1938 1349 1984 irritet
1397 1938 1632 1998 eiusmodi

203 2006 525 2063 matrimonia,
566 2006 604 2053 si
630 2007 691 2053 ad
712 2006 880 2053 Fidem
908 2007 1272 2052 convertantur.
1312 2005 1441 2052 Nam
1468 2004 1633 2052 Chris-

202 2086 299 2132 tus,
337 2083 390 2121 ut
424 2068 595 2137 postea
630 2072 959 2130 ostendemus,
999 2071 1332 2137 Polygamiam
1363 2072 1497 2135 apud
1535 2088 1635 2118 om-

201 2157 288 2189 nes
315 2141 530 2204 Populos
562 2140 823 2203 revocavit.

642 2306 1070 2355 PROPOSITIO
1112 2306 1202 2353 IV.

205 2460 435 2516 Christus,
470 2465 682 2506 revocato
728 2458 795 2504 ad
829 2456 1097 2521 primaevam
1135 2455 1469 2504 institutionem
1519 2458 1631 2506 Μα-

285 2526 526 2583 Ῐνὶνηοηίο,
564 2523 893 2589 Polygamiam
917 2523 1237 2572 simultaneam
1273 2524 1530 2589 abrogavit.

223 2697 227 2702 .
266 2668 400 2717 -Haec
440 2667 708 2731 propositio
748 2668 920 2715 militat
963 2666 1191 2715 adversus
1230 2666 1504 2715 Lutherum
1548 2668 1630 2731 qui

205 2752 318 2786 eum
344 2736 665 2783 Melanctone
700 2744 749 2782 et
770 2735 875 2782 aliis
912 2734 1057 2782 sociis
1091 2733 1141 2779 in
1165 2732 1351 2780 famosa
1377 2734 1640 2782 Consulta-'

185 2805 353 2861 tione,
380 2818 489 2866 quae
529 2811 762 2848 aeternum
802 2802 893 2849 erit
920 2799 1506 2847 Pseudo-reformatorum
1547 2801 1632 2848 de-

206 2872 373 2926 decus,
411 2869 526 2917 data
563 2868 610 2913 in
636 2868 849 2922 favorem
879 2867 1089 2930 Philippi
1117 2866 1393 2930 Landgravi
1421 2867 1627 2925 Hessiae‚

205 2936 424 2987 definivit
458 2935 798 3000 pluralitatem
836 2951 1045 2984 uxorum
1083 2933 1352 2997 Evangelio
1392 2949 1630 3049 nssnbesse

223 3025 228 3031 ’
1340 3016 1427 3064 pro
1464 3016 1477 3046 1
1515 3009 1630 3048 itam
