1846 3250
160 173 260 223 5226
342 182 344 184 ’
663 171 1088 222 TRACTATUS

160 308 427 370 cingerum,
466 315 619 355 tum
642 306 756 370 quia
803 307 937 355 nullo
988 311 1099 391 jure
1156 310 1371 374 generali
1428 310 1565 360 irrita·

162 375 483 426 declarantur.

225 445 287 488 2⁰·
346 441 404 491 In
451 441 622 491 Galliis
679 443 982 493 matrimonia
1041 444 1401 494 Catholicorum
1450 463 1562 495 cum

157 508 418 562 Haereticis
444 520 676 574 quantum
702 511 764 559 ad
799 522 1102 562 contractum
1141 513 1330 562 civilem
1361 515 1561 578 speciali

155 578 294 639 Lege
339 576 602 625 irritantur.
682 580 890 631 Voulorms
928 581 1082 644 inquit
1142 582 1253 629 Rex
1309 582 1565 631 Gallorum

155 646 203 693 in
239 645 416 694 Edicto
461 662 523 696 an
568 649 711 696 1680.
748 649 853 712 qu’a
877 647 1074 697 lavenir
1110 667 1192 698 nos.
1234 649 1385 711 Szjets
1422 652 1483 700 de
1512 650 1561 699 la

155 713 372 779 Religion
405 712 678 779 Catholique
701 732 757 763 ne
775 717 998 792 qums-sent,
1023 734 1126 766 sous
1145 715 1335 782 quelque
1350 726 1570 780 pretexte?

152 799 240 848 que
261 799 314 833 oe
333 782 438 839 soit,
461 791 719 832 contracter
759 784 968 844 mariaye
1006 802 1116 833 avec
1135 802 1247 834 ceux
1272 786 1329 833 de
1362 784 1410 833 la
1436 785 1565 834 Relaek

149 850 262 915 gion
295 852 551 916 pretendue
597 851 859 916 Refiirmee‚
914 851 1153 900 declarant
1198 852 1284 902 tels
1329 854 1564 919 mariage-s

152 937 242 967 non
267 917 566 968 valablement
606 926 875 977 contrectes,
912 928 956 968 et
991 920 1055 969 les
1078 922 1236 986 τιψῖῑηε
1265 939 1343 987 qm
1367 938 1422 970 en
1452 938 1564 987 pro·

153 986 413 1042 viendront,
450 985 722 1051 illegitimes,
759 996 803 1037 et
841 988 1103 1051 incapables
1140 990 1197 1037 de
1218 990 1431 1039 succeder
1465 1003 1564 1038 aux

153 1054 289 1106 biens
311 1054 505 1104 meubles
543 1063 587 1104 et
621 1055 879 1104 immeubles
920 1058 976 1104 de
1015 1056 1140 1105 leurs
1172 1074 1312 1121 peres
1340 1064 1383 1105 et
1407 1074 1563 1106 meres·

153 1123 332 1187 Neque
358 1123 468 1170 Lex
493 1123 584 1173 ista
614 1140 738 1172 novo
765 1122 917 1187 Regis
945 1124 1125 1173 Edicto
1148 1141 1225 1174 an.
1256 1127 1398 1176 1788.
1423 1141 1562 1173 revo-

157 1200 266 1239 cata
295 1190 408 1240 fuit.

220 1261 284 1305 3⁰·
338 1258 586 1320 EJusmodi
628 1258 868 1321 conjugia,
909 1260 1141 1324 quamvis,
1178 1258 1447 1323 generatim
1493 1260 1562 1307 lo·—

154 1325 364 1389 quendo,
400 1342 495 1372 non
534 1326 628 1374 sint
666 1337 896 1389 quantum
941 1329 1002 1375 ad
1039 1338 1341 1376 contractum
1373 1327 1561 1375 civilem

155 1393 304 1452 irrita,
340 1404 502 1442 tamen
527 1393 694 1442 illicita
731 1405 843 1442 sunt
885 1411 942 1444 ac
968 1396 1129 1443 multis
1157 1396 1389 1443 Ecclesiae
1415 1395 1561 1458 Legi-

155 1463 245 1511 bus
280 1462 538 1525 prohibita,
575 1472 774 1525 propter
798 1463 927 1511 varia
951 1464 1169 1527 pericula
1192 1464 1364 1526 quibus
1398 1463 1562 1524 objici-

155 1539 299 1580 untur
323 1530 422 1579 sive
449 1530 688 1579 Catholici
724 1530 896 1578 similia
929 1532 1231 1579 matrimonia
1271 1531 1558 1582 contrahen-

152 1610 243 1652 teS‚
280 1599 380 1644 sive
405 1598 565 1661 proles
591 1614 652 1644 ex
680 1597 735 1644 iis
762 1599 1074 1646 matrimoniis
1093 1611 1335 1660 suscepta.

220 1669 287 1713 4⁰·
323 1665 435 1713 Non
470 1666 540 1715 sic
565 1675 724 1713 tamen
750 1666 899 1713 vetita
925 1677 1036 1714 sunt
1062 1668 1175 1729 quin
1192 1669 1334 1728 Justis
1360 1668 1421 1717 de
1446 1685 1559 1717 cau-

150 1733 233 1791 sis,
269 1734 669 1795 cautionibusque
695 1733 936 1788 adhibitis,
973 1735 1032 1781 ad
1069 1735 1424 1798 impediendam
1452 1753 1559 1800 par-

151 1802 211 1849 tis
257 1801 429 1855 fidelis,
466 1801 710 1865 prolisque
752 1802 1006 1850 nasciturae
1052 1804 1433 1860 subversionem,
1488 1821 1552 1851 ex

154 1869 511 1946 dispensatione
536 1868 753 1918 contrahi
796 1870 994 1933 possint,
1032 1881 1085 1917 ut
1126 1881 1314 1919 constat
1350 1882 1451 1918 tum
1488 1888 1552 1920 ex

153 1937 364 1987 unanimi
390 1953 514 2002 pene
540 1937 900 2015 Theologorurn
923 1955 1177 1995 consensu,
1198 1949 1298 1987 tum
1325 1939 1437 2001 quia
1459 1955 1554 1987 non

155 2007 330 2055 desunt
355 2006 580 2069 exempla
602 2005 816 2052 fidelium
842 2005 1023 2069 pietate
1042 2006 1331 2054 eximiorum
1346 2007 1426 2069 qui
1447 2024 1561 2055 con-

144 2074 284 2137 jugia
321 2090 431 2121 cum
459 2073 716 2121 Haereticis
744 2073 967 2132 inierunt,
1007 2089 1106 2122 tum
1144 2074 1256 2137 quia
1291 2075 1337 2121 in
1376 2074 1430 2122 iis
1462 2091 1558 2122 ma-

154 2141 388 2191 trimoniis
428 2141 686 2205 aliquando
724 2138 1060 2205 dispensarunt
1105 2143 1193 2190 SS.
1220 2142 1480 2191 Pontifices
1508 2154 1557 2191 et

150 2209 395 2275 Episcopi.

220 2278 277 2328 In
301 2278 420 2325 locis
458 2276 536 2324 ubi
565 2273 804 2325 Catholici
832 2276 1090 2325 Haereticis
1131 2277 1359 2341 permixti
1385 2294 1553 2325 secum

154 2346 360 2394 invicem
387 2345 627 2394 connubia
665 2345 951 2393 contrahere
986 2345 1158 2400 solent,
1196 2356 1424 2407 peccaret
1449 2362 1556 2407 gra-

155 2414 296 2471 viter,
334 2423 383 2461 et
429 2413 476 2459 in
524 2414 805 2475 quibusdam
851 2412 1155 2462 Dioecesibus
1193 2412 1554 2476 suspensionem

156 2483 426 2530 incurreret
454 2483 690 2529 Sacerdos
716 2482 795 2545 qui
828 2497 886 2528 ea
919 2480 1217 2528 matrimonia
1239 2482 1342 2528 sine
1368 2480 1558 2543 dispen-

157 2550 343 2603 satione
378 2549 662 2607 celebraret,
700 2550 812 2613 quia
836 2558 1025 2596 constat
1050 2564 1107 2596 ea
1141 2549 1310 2596 saltem
1336 2549 1554 2611 Legibus

160 2617 499 2666 ecclesiasticis
527 2633 631 2665 esse
658 2617 822 2665 vetita.
892 2617 967 2664 Ita
993 2617 1207 2664 Collator
1233 2617 1553 2679 Andegavem

156 2686 233 2734 sis.
305 2685 354 2732 Si
380 2695 557 2741 tamen,
584 2696 638 2733 ut
660 2686 707 2731 in
734 2684 949 2747 pluribus
975 2685 1249 2732 Germaniae
1275 2683 1552 2740 Provinciis,
1614 2746 1616 2748 ι

156 2769 270 2801 usus
301 2752 591 2815 generaliter
634 2764 681 2800 et
724 2763 1001 2800 constanter
1040 2752 1299 2800 obtinuerit
1340 2763 1392 2800 ut
1433 2757 1555 2813 ejus-

156 2820 286 2881 modi
311 2819 627 2877 matrimonia,
664 2820 891 2867 videlicet
918 2819 1278 2869 Catholicorum
1300 2837 1408 2868 cum
1437 2820 1551 2867 Hae·

154 2888 334 2950 reficis,
386 2887 487 2938 siue
530 2888 885 2952 dispensatione
934 2888 1258 2948 celebrentur,
1309 2888 1554 2961 inculpate

1376 2969 1550 3009 servari
