<?xml version="1.0" encoding="UTF-8"?>
<!DOCTYPE html PUBLIC "-//W3C//DTD XHTML 1.0 Transitional//EN"
    "http://www.w3.org/TR/xhtml1/DTD/xhtml1-transitional.dtd">
<html xmlns="http://www.w3.org/1999/xhtml" xml:lang="en" lang="en">
 <head>
  <title>
</title>
<meta http-equiv="Content-Type" content="text/html;charset=utf-8" />
  <meta name='ocr-system' content='tesseract 3.04.00' />
  <meta name='ocr-capabilities' content='ocr_page ocr_carea ocr_par ocr_line ocrx_word'/>
</head>
<body>
  <div class='ocr_page' id='page_1' title='image "./theologica00bailuoft_0020.png"; bbox 0 0 1852 3250; ppageno 0'>
   <div class='ocr_carea' id='block_1_1' title="bbox 294 158 1214 214">
    <p class='ocr_par' dir='ltr' id='par_1_1' title="bbox 294 158 1214 214">
     <span class='ocr_line' id='line_1_1' title="bbox 294 158 1214 214; baseline 0.008 -6"><span class='ocrx_word' id='word_1_1' title='bbox 294 162 355 209; x_wconf 85' lang='lat'>16</span> <span class='ocrx_word' id='word_1_2' title='bbox 787 158 1214 214; x_wconf 86' lang='lat' dir='ltr'><strong>TRACTATUS</strong></span> 
     </span>
    </p>
   </div>
   <div class='ocr_carea' id='block_1_2' title="bbox 267 295 1703 2474">
    <p class='ocr_par' dir='ltr' id='par_1_2' title="bbox 286 295 1701 482">
     <span class='ocr_line' id='line_1_2' title="bbox 287 295 1701 361; baseline 0.007 -18"><span class='ocrx_word' id='word_1_3' title='bbox 287 313 393 344; x_wconf 85' lang='lat' dir='ltr'>rum</span> <span class='ocrx_word' id='word_1_4' title='bbox 422 295 708 360; x_wconf 77' lang='lat' dir='ltr'>corporibus</span> <span class='ocrx_word' id='word_1_5' title='bbox 734 314 929 361; x_wconf 85' lang='lat' dir='ltr'>operam</span> <span class='ocrx_word' id='word_1_6' title='bbox 957 316 1019 347; x_wconf 86' lang='lat' dir='ltr'>ex</span> <span class='ocrx_word' id='word_1_7' title='bbox 1044 299 1200 348; x_wconf 89' lang='lat' dir='ltr'>officio</span> <span class='ocrx_word' id='word_1_8' title='bbox 1221 299 1417 358; x_wconf 88' lang='lat' dir='ltr'>dabant,</span> <span class='ocrx_word' id='word_1_9' title='bbox 1444 301 1568 351; x_wconf 85' lang='lat' dir='ltr'>inter</span> <span class='ocrx_word' id='word_1_10' title='bbox 1590 299 1701 353; x_wconf 88' lang='lat' dir='ltr'>Cle</span> 
     </span>
     <span class='ocr_line' id='line_1_3' title="bbox 287 365 1701 434; baseline 0.008 -24"><span class='ocrx_word' id='word_1_11' title='bbox 287 365 416 412; x_wconf 86' lang='lat' dir='ltr'>ricos</span> <span class='ocrx_word' id='word_1_12' title='bbox 452 375 767 413; x_wconf 87' lang='lat' dir='ltr'>numerantur</span> <span class='ocrx_word' id='word_1_13' title='bbox 803 382 831 414; x_wconf 86' lang='lat' dir='ltr'>a</span> <span class='ocrx_word' id='word_1_14' title='bbox 869 368 917 415; x_wconf 88' lang='lat' dir='ltr'>S.</span> <span class='ocrx_word' id='word_1_15' title='bbox 943 367 1247 434; x_wconf 82' lang='lat' dir='ltr'>Hieronymo</span> <span class='ocrx_word' id='word_1_16' title='bbox 1285 370 1442 433; x_wconf 83' lang='lat' dir='ltr'><strong>Epist.</strong></span> <span class='ocrx_word' id='word_1_17' title='bbox 1467 375 1547 420; x_wconf 82' lang='lat'>49.</span> <span class='ocrx_word' id='word_1_18' title='bbox 1583 383 1632 420; x_wconf 88' lang='lat' dir='ltr'>et</span> <span class='ocrx_word' id='word_1_19' title='bbox 1674 388 1701 420; x_wconf 78' lang='lat' dir='ltr'>a</span> 
     </span>
     <span class='ocr_line' id='line_1_4' title="bbox 286 432 874 482; baseline 0 0"><span class='ocrx_word' id='word_1_20' title='bbox 286 432 450 482; x_wconf 81' lang='lat' dir='ltr'>multis</span> <span class='ocrx_word' id='word_1_21' title='bbox 474 433 577 480; x_wconf 88' lang='lat' dir='ltr'>aliis</span> <span class='ocrx_word' id='word_1_22' title='bbox 596 433 874 482; x_wconf 79' lang='lat' dir='ltr'><strong>Veteribus</strong></span> 
     </span>
    </p>

    <p class='ocr_par' dir='ltr' id='par_1_3' title="bbox 278 502 1703 1248">
     <span class='ocr_line' id='line_1_5' title="bbox 284 502 1703 570; baseline 0.004 -21"><span class='ocrx_word' id='word_1_23' title='bbox 284 539 288 543; x_wconf 81' lang='lat'><strong>.</strong></span> <span class='ocrx_word' id='word_1_24' title='bbox 356 502 419 550; x_wconf 79' lang='lat' dir='ltr'>R.</span> <span class='ocrx_word' id='word_1_25' title='bbox 457 502 568 549; x_wconf 60' lang='lat' dir='ltr'>dest.</span> <span class='ocrx_word' id='word_1_26' title='bbox 609 502 811 550; x_wconf 87' lang='lat' dir='ltr'>Fossarii</span> <span class='ocrx_word' id='word_1_27' title='bbox 839 513 1153 552; x_wconf 81' lang='lat' dir='ltr'><strong>numerantur</strong></span> <span class='ocrx_word' id='word_1_28' title='bbox 1177 505 1302 552; x_wconf 91' lang='lat' dir='ltr'>inter</span> <span class='ocrx_word' id='word_1_29' title='bbox 1328 504 1562 564; x_wconf 86' lang='lat' dir='ltr'>Clericos‚</span> <span class='ocrx_word' id='word_1_30' title='bbox 1585 524 1703 570; x_wconf 86' lang='lat' dir='ltr'>qua-</span> 
     </span>
     <span class='ocr_line' id='line_1_6' title="bbox 286 570 1700 638; baseline 0.004 -21"><span class='ocrx_word' id='word_1_31' title='bbox 286 579 430 617; x_wconf 84' lang='lat' dir='ltr'>tenus</span> <span class='ocrx_word' id='word_1_32' title='bbox 455 571 754 618; x_wconf 79' lang='lat' dir='ltr'>exercebant</span> <span class='ocrx_word' id='word_1_33' title='bbox 780 570 989 620; x_wconf 85' lang='lat' dir='ltr'>officium</span> <span class='ocrx_word' id='word_1_34' title='bbox 1011 572 1277 638; x_wconf 84' lang='lat' dir='ltr'>peculiare,</span> <span class='ocrx_word' id='word_1_35' title='bbox 1303 574 1379 621; x_wconf 93' lang='lat' dir='ltr'>vel</span> <span class='ocrx_word' id='word_1_36' title='bbox 1406 574 1549 622; x_wconf 88' lang='lat' dir='ltr'>etiam</span> <span class='ocrx_word' id='word_1_37' title='bbox 1575 575 1700 623; x_wconf 82' lang='lat' dir='ltr'>forte</span> 
     </span>
     <span class='ocr_line' id='line_1_7' title="bbox 288 638 1698 705; baseline 0.004 -19"><span class='ocrx_word' id='word_1_38' title='bbox 288 638 434 686; x_wconf 89' lang='lat' dir='ltr'>certis</span> <span class='ocrx_word' id='word_1_39' title='bbox 485 638 689 687; x_wconf 90' lang='lat' dir='ltr'>Clericis</span> <span class='ocrx_word' id='word_1_40' title='bbox 735 656 998 698; x_wconf 80' lang='lat' dir='ltr'>annexum,</span> <span class='ocrx_word' id='word_1_41' title='bbox 1051 658 1175 689; x_wconf 83' lang='lat' dir='ltr'>conc.</span> <span class='ocrx_word' id='word_1_42' title='bbox 1232 641 1366 705; x_wconf 81' lang='lat' dir='ltr'><strong>quasi</strong></span> <span class='ocrx_word' id='word_1_43' title='bbox 1410 654 1698 691; x_wconf 84' lang='lat' dir='ltr'>exercentes</span> 
     </span>
     <span class='ocr_line' id='line_1_8' title="bbox 288 706 1699 776; baseline 0.004 -23"><span class='ocrx_word' id='word_1_44' title='bbox 288 706 523 754; x_wconf 90' lang='lat' dir='ltr'>O1dinem</span> <span class='ocrx_word' id='word_1_45' title='bbox 548 706 829 755; x_wconf 86' lang='lat' dir='ltr'>distinctum</span> <span class='ocrx_word' id='word_1_46' title='bbox 849 724 907 755; x_wconf 89' lang='lat' dir='ltr'>ac</span> <span class='ocrx_word' id='word_1_47' title='bbox 927 708 1118 773; x_wconf 87' lang='lat' dir='ltr'>proprie</span> <span class='ocrx_word' id='word_1_48' title='bbox 1135 708 1339 765; x_wconf 90' lang='lat' dir='ltr'>dictum,</span> <span class='ocrx_word' id='word_1_49' title='bbox 1360 728 1462 776; x_wconf 80' lang='lat' dir='ltr'>neg.</span> <span class='ocrx_word' id='word_1_50' title='bbox 1479 711 1699 776; x_wconf 84' lang='lat' dir='ltr'>Respon-</span> 
     </span>
     <span class='ocr_line' id='line_1_9' title="bbox 283 750 1699 841; baseline 0.005 -21.005"><span class='ocrx_word' id='word_1_51' title='bbox 283 775 354 821; x_wconf 84' lang='lat' dir='ltr'>sio</span> <span class='ocrx_word' id='word_1_52' title='bbox 381 784 515 838; x_wconf 88' lang='lat' dir='ltr'>patet</span> <span class='ocrx_word' id='word_1_53' title='bbox 546 777 617 822; x_wconf 86' lang='lat'>1⁰·</span> <span class='ocrx_word' id='word_1_54' title='bbox 653 791 716 822; x_wconf 85' lang='lat' dir='ltr'>ex</span> <span class='ocrx_word' id='word_1_55' title='bbox 759 792 818 823; x_wconf 90' lang='lat' dir='ltr'>eo</span> <span class='ocrx_word' id='word_1_56' title='bbox 861 776 992 840; x_wconf 88' lang='lat' dir='ltr'>quod</span> <span class='ocrx_word' id='word_1_57' title='bbox 1034 778 1166 824; x_wconf 85' lang='lat' dir='ltr'>nulla</span> <span class='ocrx_word' id='word_1_58' title='bbox 1207 778 1337 841; x_wconf 88' lang='lat' dir='ltr'>apud</span> <span class='ocrx_word' id='word_1_59' title='bbox 1373 750 1579 826; x_wconf 84' lang='lat' dir='ltr'>Veteres</span> <span class='ocrx_word' id='word_1_60' title='bbox 1615 790 1699 827; x_wconf 82' lang='lat' dir='ltr'>aut</span> 
     </span>
     <span class='ocr_line' id='line_1_10' title="bbox 285 842 1700 906; baseline 0.003 -16"><span class='ocrx_word' id='word_1_61' title='bbox 285 842 608 891; x_wconf 80' lang='lat' dir='ltr'>Recentiores</span> <span class='ocrx_word' id='word_1_62' title='bbox 650 844 843 906; x_wconf 84' lang='lat' dir='ltr'>legatur</span> <span class='ocrx_word' id='word_1_63' title='bbox 885 860 1051 892; x_wconf 82' lang='lat' dir='ltr'>eorum</span> <span class='ocrx_word' id='word_1_64' title='bbox 1101 845 1373 894; x_wconf 79' lang='lat' dir='ltr'>Ordinatio.</span> <span class='ocrx_word' id='word_1_65' title='bbox 1432 847 1512 894; x_wconf 72' lang='lat'>20.</span> <span class='ocrx_word' id='word_1_66' title='bbox 1573 849 1700 900; x_wconf 80' lang='lat' dir='ltr'>Quia</span> 
     </span>
     <span class='ocr_line' id='line_1_11' title="bbox 282 912 1701 975; baseline 0.004 -18"><span class='ocrx_word' id='word_1_67' title='bbox 282 928 531 975; x_wconf 82' lang='lat' dir='ltr'>nunquam</span> <span class='ocrx_word' id='word_1_68' title='bbox 559 912 778 960; x_wconf 87' lang='lat' dir='ltr'>Concilia</span> <span class='ocrx_word' id='word_1_69' title='bbox 818 923 901 960; x_wconf 89' lang='lat' dir='ltr'>aut</span> <span class='ocrx_word' id='word_1_70' title='bbox 942 914 992 960; x_wconf 88' lang='lat' dir='ltr'>S.</span> <span class='ocrx_word' id='word_1_71' title='bbox 1020 913 1283 962; x_wconf 88' lang='lat' dir='ltr'>Pontifices</span> <span class='ocrx_word' id='word_1_72' title='bbox 1325 930 1407 962; x_wconf 90' lang='lat' dir='ltr'>eos</span> <span class='ocrx_word' id='word_1_73' title='bbox 1443 930 1701 963; x_wconf 85' lang='lat' dir='ltr'>recensue-</span> 
     </span>
     <span class='ocr_line' id='line_1_12' title="bbox 278 979 1700 1046; baseline 0.004 -21"><span class='ocrx_word' id='word_1_74' title='bbox 278 990 394 1026; x_wconf 84' lang='lat' dir='ltr'>runt</span> <span class='ocrx_word' id='word_1_75' title='bbox 419 979 543 1027; x_wconf 88' lang='lat' dir='ltr'>inter</span> <span class='ocrx_word' id='word_1_76' title='bbox 564 979 773 1028; x_wconf 85' lang='lat' dir='ltr'>Ordines</span> <span class='ocrx_word' id='word_1_77' title='bbox 798 980 1101 1045; x_wconf 86' lang='lat' dir='ltr'>episcopatui</span> <span class='ocrx_word' id='word_1_78' title='bbox 1127 984 1201 1028; x_wconf 92' lang='lat' dir='ltr'>vel</span> <span class='ocrx_word' id='word_1_79' title='bbox 1220 983 1590 1046; x_wconf 87' lang='lat' dir='ltr'>praesbyteratui</span> <span class='ocrx_word' id='word_1_80' title='bbox 1617 1000 1700 1031; x_wconf 90' lang='lat' dir='ltr'>ne-</span> 
     </span>
     <span class='ocr_line' id='line_1_13' title="bbox 280 1048 1697 1114; baseline 0.002 -19"><span class='ocrx_word' id='word_1_81' title='bbox 280 1048 492 1096; x_wconf 83' lang='lat' dir='ltr'>cessario</span> <span class='ocrx_word' id='word_1_82' title='bbox 519 1048 737 1111; x_wconf 79' lang='lat' dir='ltr'>praevios,</span> <span class='ocrx_word' id='word_1_83' title='bbox 809 1052 888 1096; x_wconf 68' lang='lat'>3⁰.</span> <span class='ocrx_word' id='word_1_84' title='bbox 925 1050 1077 1097; x_wconf 86' lang='lat' dir='ltr'>Notat</span> <span class='ocrx_word' id='word_1_85' title='bbox 1104 1050 1403 1097; x_wconf 89' lang='lat' dir='ltr'>Gotofredus</span> <span class='ocrx_word' id='word_1_86' title='bbox 1423 1051 1483 1098; x_wconf 88' lang='lat' dir='ltr'>ad</span> <span class='ocrx_word' id='word_1_87' title='bbox 1509 1051 1697 1114; x_wconf 83' lang='lat' dir='ltr'>Legem</span> 
     </span>
     <span class='ocr_line' id='line_1_14' title="bbox 281 1112 1696 1183; baseline 0.003 -21"><span class='ocrx_word' id='word_1_88' title='bbox 281 1112 343 1164; x_wconf 78' lang='lat' dir='ltr'>&#39;de</span> <span class='ocrx_word' id='word_1_89' title='bbox 386 1116 570 1164; x_wconf 81' lang='lat' dir='ltr'>lustrali</span> <span class='ocrx_word' id='word_1_90' title='bbox 608 1116 899 1181; x_wconf 86' lang='lat' dir='ltr'>contagione</span> <span class='ocrx_word' id='word_1_91' title='bbox 946 1117 1053 1166; x_wconf 89' lang='lat' dir='ltr'>illos</span> <span class='ocrx_word' id='word_1_92' title='bbox 1093 1118 1356 1183; x_wconf 84' lang='lat' dir='ltr'>privilegiis</span> <span class='ocrx_word' id='word_1_93' title='bbox 1394 1118 1696 1168; x_wconf 63' lang='lat' dir='ltr'>clericorum</span> 
     </span>
     <span class='ocr_line' id='line_1_15' title="bbox 278 1184 727 1248; baseline 0.002 -17"><span class='ocrx_word' id='word_1_94' title='bbox 278 1202 376 1232; x_wconf 90' lang='lat' dir='ltr'>non</span> <span class='ocrx_word' id='word_1_95' title='bbox 403 1199 507 1232; x_wconf 87' lang='lat' dir='ltr'>esse</span> <span class='ocrx_word' id='word_1_96' title='bbox 531 1184 727 1248; x_wconf 76' lang='lat' dir='ltr'>potitos,</span> 
     </span>
    </p>

    <p class='ocr_par' dir='ltr' id='par_1_4' title="bbox 352 1253 1427 1318">
     <span class='ocr_line' id='line_1_16' title="bbox 352 1253 1427 1318; baseline 0.001 -18"><span class='ocrx_word' id='word_1_97' title='bbox 352 1254 453 1317; x_wconf 58' lang='lat' dir='ltr'>Obj.</span> <span class='ocrx_word' id='word_1_98' title='bbox 489 1254 565 1299; x_wconf 70' lang='lat'>4⁰·</span> <span class='ocrx_word' id='word_1_99' title='bbox 603 1253 825 1300; x_wconf 81' lang='lat' dir='ltr'>Tonsura</span> <span class='ocrx_word' id='word_1_100' title='bbox 850 1264 922 1301; x_wconf 92' lang='lat' dir='ltr'>est</span> <span class='ocrx_word' id='word_1_101' title='bbox 944 1253 1096 1308; x_wconf 76' lang='lat' dir='ltr'>Ordo·</span> <span class='ocrx_word' id='word_1_102' title='bbox 1169 1254 1316 1318; x_wconf 88' lang='lat' dir='ltr'>Ergo,</span> <span class='ocrx_word' id='word_1_103' title='bbox 1338 1258 1427 1303; x_wconf 78' lang='lat' dir='ltr'>&amp;c.</span> 
     </span>
    </p>

    <p class='ocr_par' dir='ltr' id='par_1_5' title="bbox 271 1320 1695 1926">
     <span class='ocr_line' id='line_1_17' title="bbox 348 1320 1694 1400; baseline 0.001 -32"><span class='ocrx_word' id='word_1_104' title='bbox 348 1322 412 1368; x_wconf 79' lang='lat' dir='ltr'>R.</span> <span class='ocrx_word' id='word_1_105' title='bbox 438 1339 482 1368; x_wconf 81' lang='grc' dir='ltr'><strong>η.</strong></span> <span class='ocrx_word' id='word_1_106' title='bbox 509 1329 607 1369; x_wconf 78' lang='lat' dir='ltr'>ant.</span> <span class='ocrx_word' id='word_1_107' title='bbox 645 1320 731 1369; x_wconf 89' lang='lat' dir='ltr'>Est</span> <span class='ocrx_word' id='word_1_108' title='bbox 752 1321 877 1369; x_wconf 89' lang='lat' dir='ltr'>enim</span> <span class='ocrx_word' id='word_1_109' title='bbox 904 1331 1089 1370; x_wconf 84' lang='lat' dir='ltr'>tantum</span> <span class='ocrx_word' id='word_1_110' title='bbox 1110 1322 1360 1386; x_wconf 85' lang='lat' dir='ltr'>dispositio</span> <span class='ocrx_word' id='word_1_111' title='bbox 1380 1322 1440 1370; x_wconf 86' lang='lat' dir='ltr'>ad</span> <span class='ocrx_word' id='word_1_112' title='bbox 1467 1321 1694 1400; x_wconf 83' lang='lat' dir='ltr'>Ordines,</span> 
     </span>
     <span class='ocr_line' id='line_1_18' title="bbox 280 1388 1695 1454; baseline 0.001 -17"><span class='ocrx_word' id='word_1_113' title='bbox 280 1399 334 1438; x_wconf 84' lang='lat' dir='ltr'>ut</span> <span class='ocrx_word' id='word_1_114' title='bbox 360 1401 529 1454; x_wconf 84' lang='lat' dir='ltr'>postea</span> <span class='ocrx_word' id='word_1_115' title='bbox 553 1388 837 1436; x_wconf 82' lang='lat' dir='ltr'>videbimus.</span> <span class='ocrx_word' id='word_1_116' title='bbox 911 1390 975 1437; x_wconf 90' lang='lat' dir='ltr'>Et</span> <span class='ocrx_word' id='word_1_117' title='bbox 1001 1407 1114 1438; x_wconf 86' lang='lat' dir='ltr'>vero</span> <span class='ocrx_word' id='word_1_118' title='bbox 1142 1390 1278 1437; x_wconf 89' lang='lat' dir='ltr'>Ordo</span> <span class='ocrx_word' id='word_1_119' title='bbox 1306 1402 1378 1438; x_wconf 87' lang='lat' dir='ltr'>est</span> <span class='ocrx_word' id='word_1_120' title='bbox 1405 1390 1534 1438; x_wconf 89' lang='lat' dir='ltr'>actio</span> <span class='ocrx_word' id='word_1_121' title='bbox 1558 1407 1695 1439; x_wconf 83' lang='lat' dir='ltr'>sacra</span> 
     </span>
     <span class='ocr_line' id='line_1_19' title="bbox 279 1456 1692 1522; baseline 0.001 -19"><span class='ocrx_word' id='word_1_122' title='bbox 279 1474 374 1521; x_wconf 84' lang='lat' dir='ltr'>qua</span> <span class='ocrx_word' id='word_1_123' title='bbox 396 1456 604 1521; x_wconf 88' lang='lat' dir='ltr'>cuipiam</span> <span class='ocrx_word' id='word_1_124' title='bbox 642 1457 870 1505; x_wconf 88' lang='lat' dir='ltr'>tribuitur</span> <span class='ocrx_word' id='word_1_125' title='bbox 903 1458 1128 1522; x_wconf 86' lang='lat' dir='ltr'>spiritalis</span> <span class='ocrx_word' id='word_1_126' title='bbox 1154 1469 1370 1521; x_wconf 86' lang='lat' dir='ltr'>potestas</span> <span class='ocrx_word' id='word_1_127' title='bbox 1408 1469 1542 1506; x_wconf 88' lang='lat' dir='ltr'>certa</span> <span class='ocrx_word' id='word_1_128' title='bbox 1566 1476 1692 1522; x_wconf 85' lang='lat' dir='ltr'>quae·</span> 
     </span>
     <span class='ocr_line' id='line_1_20' title="bbox 277 1524 1691 1573; baseline -0.001 0"><span class='ocrx_word' id='word_1_129' title='bbox 277 1528 386 1573; x_wconf 85' lang='lat' dir='ltr'>dam</span> <span class='ocrx_word' id='word_1_130' title='bbox 415 1537 464 1573; x_wconf 90' lang='lat' dir='ltr'>et</span> <span class='ocrx_word' id='word_1_131' title='bbox 491 1524 813 1572; x_wconf 80' lang='lat' dir='ltr'>determinata</span> <span class='ocrx_word' id='word_1_132' title='bbox 847 1525 1010 1573; x_wconf 88' lang='lat' dir='ltr'>munia</span> <span class='ocrx_word' id='word_1_133' title='bbox 1046 1526 1378 1573; x_wconf 83' lang='lat' dir='ltr'>ecclesiastica</span> <span class='ocrx_word' id='word_1_134' title='bbox 1414 1527 1691 1573; x_wconf 85' lang='lat' dir='ltr'>exercendi.</span> 
     </span>
     <span class='ocr_line' id='line_1_21' title="bbox 275 1592 1691 1657; baseline 0 -17"><span class='ocrx_word' id='word_1_135' title='bbox 275 1594 428 1641; x_wconf 88' lang='lat' dir='ltr'>Porro</span> <span class='ocrx_word' id='word_1_136' title='bbox 472 1604 683 1639; x_wconf 71' lang='lat' dir='ltr'>tonsurae</span> <span class='ocrx_word' id='word_1_137' title='bbox 725 1593 857 1639; x_wconf 86' lang='lat' dir='ltr'>nulla</span> <span class='ocrx_word' id='word_1_138' title='bbox 904 1603 976 1640; x_wconf 89' lang='lat' dir='ltr'>est</span> <span class='ocrx_word' id='word_1_139' title='bbox 1025 1603 1258 1657; x_wconf 84' lang='lat' dir='ltr'>potestas,</span> <span class='ocrx_word' id='word_1_140' title='bbox 1308 1594 1439 1640; x_wconf 87' lang='lat' dir='ltr'>nulla</span> <span class='ocrx_word' id='word_1_141' title='bbox 1487 1592 1691 1642; x_wconf 84' lang='lat' dir='ltr'>functio.</span> 
     </span>
     <span class='ocr_line' id='line_1_22' title="bbox 277 1658 1690 1725; baseline -0.001 -14"><span class='ocrx_word' id='word_1_142' title='bbox 277 1658 481 1711; x_wconf 84' lang='lat' dir='ltr'>Confert</span> <span class='ocrx_word' id='word_1_143' title='bbox 506 1669 692 1708; x_wconf 86' lang='lat' dir='ltr'>tantum</span> <span class='ocrx_word' id='word_1_144' title='bbox 720 1660 985 1723; x_wconf 87' lang='lat' dir='ltr'>potentiam</span> <span class='ocrx_word' id='word_1_145' title='bbox 1011 1660 1246 1724; x_wconf 86' lang='lat' dir='ltr'>passivam</span> <span class='ocrx_word' id='word_1_146' title='bbox 1272 1661 1569 1725; x_wconf 87' lang='lat' dir='ltr'>suscipiendi</span> <span class='ocrx_word' id='word_1_147' title='bbox 1597 1663 1690 1709; x_wconf 84' lang='lat' dir='ltr'>Be-</span> 
     </span>
     <span class='ocr_line' id='line_1_23' title="bbox 272 1727 1689 1785; baseline 0 -8"><span class='ocrx_word' id='word_1_148' title='bbox 272 1730 449 1778; x_wconf 82' lang='lat' dir='ltr'>neficia</span> <span class='ocrx_word' id='word_1_149' title='bbox 484 1727 833 1785; x_wconf 81' lang='lat' dir='ltr'>ecclesiastica,</span> <span class='ocrx_word' id='word_1_150' title='bbox 870 1729 956 1777; x_wconf 88' lang='lat' dir='ltr'>sed</span> <span class='ocrx_word' id='word_1_151' title='bbox 991 1729 1053 1776; x_wconf 82' lang='lat' dir='ltr'>ad</span> <span class='ocrx_word' id='word_1_152' title='bbox 1095 1743 1260 1776; x_wconf 91' lang='lat' dir='ltr'>verum</span> <span class='ocrx_word' id='word_1_153' title='bbox 1306 1728 1541 1777; x_wconf 87' lang='lat' dir='ltr'>Ordinem</span> <span class='ocrx_word' id='word_1_154' title='bbox 1582 1731 1689 1777; x_wconf 86' lang='lat' dir='ltr'>talis</span> 
     </span>
     <span class='ocr_line' id='line_1_24' title="bbox 272 1796 1688 1862; baseline 0.001 -18"><span class='ocrx_word' id='word_1_155' title='bbox 272 1808 489 1862; x_wconf 83' lang='lat' dir='ltr'>potestas</span> <span class='ocrx_word' id='word_1_156' title='bbox 524 1813 621 1843; x_wconf 90' lang='lat' dir='ltr'>non</span> <span class='ocrx_word' id='word_1_157' title='bbox 657 1796 848 1843; x_wconf 83' lang='lat' dir='ltr'>sufficit.</span> <span class='ocrx_word' id='word_1_158' title='bbox 919 1796 998 1844; x_wconf 91' lang='lat' dir='ltr'>Ad</span> <span class='ocrx_word' id='word_1_159' title='bbox 1024 1813 1138 1844; x_wconf 87' lang='lat' dir='ltr'>vero</span> <span class='ocrx_word' id='word_1_160' title='bbox 1174 1796 1432 1858; x_wconf 88' lang='lat' dir='ltr'>requiritur</span> <span class='ocrx_word' id='word_1_161' title='bbox 1467 1798 1688 1862; x_wconf 78' lang='lat' dir='ltr'>potentia</span> 
     </span>
     <span class='ocr_line' id='line_1_25' title="bbox 271 1864 1467 1926; baseline -0.002 -12"><span class='ocrx_word' id='word_1_162' title='bbox 271 1866 431 1914; x_wconf 86' lang='lat' dir='ltr'>activa</span> <span class='ocrx_word' id='word_1_163' title='bbox 455 1864 666 1914; x_wconf 87' lang='lat' dir='ltr'>obeundi</span> <span class='ocrx_word' id='word_1_164' title='bbox 693 1865 908 1926; x_wconf 77' lang='lat' dir='ltr'>quaedam</span> <span class='ocrx_word' id='word_1_165' title='bbox 937 1865 1096 1912; x_wconf 88' lang='lat' dir='ltr'>munia</span> <span class='ocrx_word' id='word_1_166' title='bbox 1122 1864 1467 1913; x_wconf 80' lang='lat' dir='ltr'>ecclesiastic-a</span> 
     </span>
    </p>

    <p class='ocr_par' dir='ltr' id='par_1_6' title="bbox 270 1932 1682 2050">
     <span class='ocr_line' id='line_1_26' title="bbox 345 1932 1682 2002; baseline -0.002 -19"><span class='ocrx_word' id='word_1_167' title='bbox 345 1933 560 1999; x_wconf 56' lang='lat'>047150·</span> <span class='ocrx_word' id='word_1_168' title='bbox 619 1933 854 1981; x_wconf 86' lang='lat' dir='ltr'>Canonici</span> <span class='ocrx_word' id='word_1_169' title='bbox 893 1933 1024 1982; x_wconf 86' lang='lat' dir='ltr'>Juris</span> <span class='ocrx_word' id='word_1_170' title='bbox 1051 1934 1352 2002; x_wconf 86' lang='lat' dir='ltr'>Interpretes</span> <span class='ocrx_word' id='word_1_171' title='bbox 1388 1949 1561 1981; x_wconf 89' lang='lat' dir='ltr'>novem</span> <span class='ocrx_word' id='word_1_172' title='bbox 1590 1932 1682 1982; x_wconf 90' lang='lat' dir='ltr'>Or-</span> 
     </span>
     <span class='ocr_line' id='line_1_27' title="bbox 270 2000 876 2050; baseline 0 -2"><span class='ocrx_word' id='word_1_173' title='bbox 270 2002 408 2050; x_wconf 87' lang='lat' dir='ltr'>dines</span> <span class='ocrx_word' id='word_1_174' title='bbox 428 2000 683 2049; x_wconf 88' lang='lat' dir='ltr'>admittere</span> <span class='ocrx_word' id='word_1_175' title='bbox 704 2002 876 2048; x_wconf 85' lang='lat' dir='ltr'>solent.</span> 
     </span>
    </p>

    <p class='ocr_par' dir='ltr' id='par_1_7' title="bbox 269 2068 1685 2261">
     <span class='ocr_line' id='line_1_28' title="bbox 339 2068 1685 2119; baseline -0.002 0"><span class='ocrx_word' id='word_1_176' title='bbox 339 2072 401 2119; x_wconf 82' lang='lat' dir='ltr'>R.</span> <span class='ocrx_word' id='word_1_177' title='bbox 425 2073 494 2117; x_wconf 85' lang='lat'>10·</span> <span class='ocrx_word' id='word_1_178' title='bbox 513 2069 799 2118; x_wconf 85' lang='lat' dir='ltr'>Canonistas</span> <span class='ocrx_word' id='word_1_179' title='bbox 819 2070 944 2116; x_wconf 84' lang='lat' dir='ltr'>inter</span> <span class='ocrx_word' id='word_1_180' title='bbox 963 2084 1013 2116; x_wconf 91' lang='lat' dir='ltr'>se</span> <span class='ocrx_word' id='word_1_181' title='bbox 1031 2068 1094 2116; x_wconf 89' lang='lat' dir='ltr'>de</span> <span class='ocrx_word' id='word_1_182' title='bbox 1111 2084 1314 2117; x_wconf 88' lang='lat' dir='ltr'>numero</span> <span class='ocrx_word' id='word_1_183' title='bbox 1332 2068 1569 2116; x_wconf 84' lang='lat' dir='ltr'>ordinum</span> <span class='ocrx_word' id='word_1_184' title='bbox 1591 2085 1685 2116; x_wconf 89' lang='lat' dir='ltr'>non</span> 
     </span>
     <span class='ocr_line' id='line_1_29' title="bbox 270 2136 1684 2200; baseline -0.002 -13"><span class='ocrx_word' id='word_1_185' title='bbox 270 2138 565 2191; x_wconf 81' lang='lat' dir='ltr'>consentire,</span> <span class='ocrx_word' id='word_1_186' title='bbox 603 2148 654 2184; x_wconf 90' lang='lat' dir='ltr'>ut</span> <span class='ocrx_word' id='word_1_187' title='bbox 681 2137 846 2184; x_wconf 83' lang='lat' dir='ltr'>videre</span> <span class='ocrx_word' id='word_1_188' title='bbox 883 2148 957 2183; x_wconf 89' lang='lat' dir='ltr'>est</span> <span class='ocrx_word' id='word_1_189' title='bbox 991 2137 1121 2200; x_wconf 86' lang='lat' dir='ltr'>apud</span> <span class='ocrx_word' id='word_1_190' title='bbox 1164 2138 1308 2184; x_wconf 85' lang='lat' dir='ltr'>Joan.</span> <span class='ocrx_word' id='word_1_191' title='bbox 1333 2136 1394 2183; x_wconf 89' lang='lat' dir='ltr'>de</span> <span class='ocrx_word' id='word_1_192' title='bbox 1422 2136 1684 2184; x_wconf 81' lang='lat' dir='ltr'>Turrecre-</span> 
     </span>
     <span class='ocr_line' id='line_1_30' title="bbox 269 2203 1522 2261; baseline -0.003 -7"><span class='ocrx_word' id='word_1_193' title='bbox 269 2217 397 2254; x_wconf 83' lang='lat' dir='ltr'>mata</span> <span class='ocrx_word' id='word_1_194' title='bbox 422 2206 484 2253; x_wconf 89' lang='lat' dir='ltr'>ad</span> <span class='ocrx_word' id='word_1_195' title='bbox 509 2204 871 2253; x_wconf 84' lang='lat' dir='ltr'>distinctionem</span> <span class='ocrx_word' id='word_1_196' title='bbox 899 2207 981 2250; x_wconf 70' lang='lat'>23.</span> <span class='ocrx_word' id='word_1_197' title='bbox 1022 2221 1225 2261; x_wconf 84' lang='lat' dir='ltr'>canone,</span> <span class='ocrx_word' id='word_1_198' title='bbox 1254 2203 1522 2252; x_wconf 78' lang='lat' dir='ltr'>Psalmista.</span> 
     </span>
    </p>

    <p class='ocr_par' dir='ltr' id='par_1_8' title="bbox 267 2271 1679 2474">
     <span class='ocr_line' id='line_1_31' title="bbox 336 2271 1679 2334; baseline -0.003 -11"><span class='ocrx_word' id='word_1_199' title='bbox 336 2276 400 2323; x_wconf 81' lang='lat' dir='ltr'>R.</span> <span class='ocrx_word' id='word_1_200' title='bbox 436 2277 516 2321; x_wconf 78' lang='lat'>20.</span> <span class='ocrx_word' id='word_1_201' title='bbox 543 2275 650 2321; x_wconf 79' lang='lat' dir='ltr'>Prae</span> <span class='ocrx_word' id='word_1_202' title='bbox 676 2272 950 2321; x_wconf 87' lang='lat' dir='ltr'>Canonistis</span> <span class='ocrx_word' id='word_1_203' title='bbox 976 2272 1241 2320; x_wconf 85' lang='lat' dir='ltr'>audiendos</span> <span class='ocrx_word' id='word_1_204' title='bbox 1267 2287 1372 2320; x_wconf 89' lang='lat' dir='ltr'>esse</span> <span class='ocrx_word' id='word_1_205' title='bbox 1400 2271 1679 2334; x_wconf 79' lang='lat' dir='ltr'>Theologos</span> 
     </span>
     <span class='ocr_line' id='line_1_32' title="bbox 267 2339 1680 2406; baseline -0.003 -16"><span class='ocrx_word' id='word_1_206' title='bbox 267 2343 346 2406; x_wconf 88' lang='lat' dir='ltr'>qui</span> <span class='ocrx_word' id='word_1_207' title='bbox 371 2342 530 2391; x_wconf 84' lang='lat' dir='ltr'>solent</span> <span class='ocrx_word' id='word_1_208' title='bbox 555 2348 660 2390; x_wconf 88' lang='lat' dir='ltr'>esse</span> <span class='ocrx_word' id='word_1_209' title='bbox 685 2340 1028 2398; x_wconf 82' lang='lat' dir='ltr'>accuratiores,</span> <span class='ocrx_word' id='word_1_210' title='bbox 1054 2351 1103 2388; x_wconf 88' lang='lat' dir='ltr'>et</span> <span class='ocrx_word' id='word_1_211' title='bbox 1128 2340 1189 2387; x_wconf 87' lang='lat' dir='ltr'>ad</span> <span class='ocrx_word' id='word_1_212' title='bbox 1206 2355 1326 2403; x_wconf 90' lang='lat' dir='ltr'>quos</span> <span class='ocrx_word' id='word_1_213' title='bbox 1351 2339 1544 2401; x_wconf 89' lang='lat' dir='ltr'>proprio</span> <span class='ocrx_word' id='word_1_214' title='bbox 1564 2356 1680 2400; x_wconf 90' lang='lat' dir='ltr'>quo-</span> 
     </span>
     <span class='ocr_line' id='line_1_33' title="bbox 267 2407 1681 2474; baseline -0.003 -16"><span class='ocrx_word' id='word_1_215' title='bbox 267 2414 375 2459; x_wconf 84' lang='lat' dir='ltr'>dam</span> <span class='ocrx_word' id='word_1_216' title='bbox 404 2416 516 2472; x_wconf 87' lang='lat' dir='ltr'>jure</span> <span class='ocrx_word' id='word_1_217' title='bbox 541 2410 785 2474; x_wconf 85' lang='lat' dir='ltr'>pertinent</span> <span class='ocrx_word' id='word_1_218' title='bbox 815 2424 1135 2472; x_wconf 85' lang='lat' dir='ltr'>quaecumque</span> <span class='ocrx_word' id='word_1_219' title='bbox 1163 2417 1388 2470; x_wconf 88' lang='lat' dir='ltr'>spectant</span> <span class='ocrx_word' id='word_1_220' title='bbox 1423 2407 1485 2454; x_wconf 85' lang='lat' dir='ltr'>ad</span> <span class='ocrx_word' id='word_1_221' title='bbox 1513 2407 1681 2455; x_wconf 83' lang='lat' dir='ltr'>Sacra</span> 
     </span>
    </p>
   </div>
   <div class='ocr_carea' id='block_1_3' title="bbox 262 2475 1677 2610">
    <p class='ocr_par' dir='ltr' id='par_1_9' title="bbox 262 2475 1677 2609">
     <span class='ocr_line' id='line_1_34' title="bbox 262 2475 1310 2545; baseline -0.006 -18"><span class='ocrx_word' id='word_1_222' title='bbox 262 2489 444 2533; x_wconf 83' lang='lat' dir='ltr'>menta,</span> <span class='ocrx_word' id='word_1_223' title='bbox 477 2495 516 2526; x_wconf 86' lang='lat' dir='ltr'>a</span> <span class='ocrx_word' id='word_1_224' title='bbox 512 2477 655 2526; x_wconf 85' lang='lat' dir='ltr'>&#39;iasve</span> <span class='ocrx_word' id='word_1_225' title='bbox 681 2478 968 2545; x_wconf 75' lang='lat' dir='ltr'>quaestiones</span> <span class='ocrx_word' id='word_1_226' title='bbox 993 2475 1310 2537; x_wconf 80' lang='lat' dir='ltr'>theologicas.</span> 
     </span>
     <span class='ocr_line' id='line_1_35' title="bbox 336 2541 1677 2610; baseline -0.003 -17"><span class='ocrx_word' id='word_1_227' title='bbox 336 2546 437 2610; x_wconf 79' lang='lat' dir='ltr'>Obj.</span> <span class='ocrx_word' id='word_1_228' title='bbox 473 2550 555 2594; x_wconf 83' lang='lat'>60.</span> <span class='ocrx_word' id='word_1_229' title='bbox 592 2546 783 2592; x_wconf 88' lang='lat' dir='ltr'>Falsum</span> <span class='ocrx_word' id='word_1_230' title='bbox 811 2554 882 2592; x_wconf 87' lang='lat' dir='ltr'>est</span> <span class='ocrx_word' id='word_1_231' title='bbox 912 2544 999 2591; x_wconf 91' lang='lat' dir='ltr'>SS.</span> <span class='ocrx_word' id='word_1_232' title='bbox 1026 2544 1194 2590; x_wconf 82' lang='lat' dir='ltr'>Patres</span> <span class='ocrx_word' id='word_1_233' title='bbox 1218 2541 1465 2589; x_wconf 85' lang='lat' dir='ltr'>admisisse</span> <span class='ocrx_word' id='word_1_234' title='bbox 1489 2553 1677 2606; x_wconf 89' lang='lat' dir='ltr'>septem</span> 
     </span>
    </p>
   </div>
   <div class='ocr_carea' id='block_1_4' title="bbox 263 2610 1679 2675">
    <p class='ocr_par' dir='ltr' id='par_1_10' title="bbox 263 2610 1679 2675">
     <span class='ocr_line' id='line_1_36' title="bbox 263 2610 1679 2675; baseline -0.004 -12"><span class='ocrx_word' id='word_1_235' title='bbox 263 2614 493 2663; x_wconf 67' lang='lat' dir='ltr'>Ordines.</span> <span class='ocrx_word' id='word_1_236' title='bbox 520 2614 570 2662; x_wconf 90' lang='lat' dir='ltr'>S.</span> <span class='ocrx_word' id='word_1_237' title='bbox 597 2613 926 2675; x_wconf 86' lang='lat' dir='ltr'>Hieronymus</span> <span class='ocrx_word' id='word_1_238' title='bbox 951 2610 997 2657; x_wconf 91' lang='lat' dir='ltr'>in</span> <span class='ocrx_word' id='word_1_239' title='bbox 1025 2627 1131 2674; x_wconf 89' lang='lat' dir='ltr'>cap.</span> <span class='ocrx_word' id='word_1_240' title='bbox 1160 2614 1236 2659; x_wconf 90' lang='grc'><strong>19.</strong></span> <span class='ocrx_word' id='word_1_241' title='bbox 1262 2610 1418 2666; x_wconf 81' lang='lat' dir='ltr'>Isaiae,</span> <span class='ocrx_word' id='word_1_242' title='bbox 1456 2621 1552 2657; x_wconf 85' lang='lat' dir='ltr'>tres</span> <span class='ocrx_word' id='word_1_243' title='bbox 1573 2622 1679 2657; x_wconf 83' lang='lat' dir='ltr'>tan</span> 
     </span>
    </p>
   </div>
   <div class='ocr_carea' id='block_1_5' title="bbox 194 2677 1678 2741">
    <p class='ocr_par' dir='ltr' id='par_1_11' title="bbox 194 2677 1678 2741">
     <span class='ocr_line' id='line_1_37' title="bbox 194 2677 1678 2741; baseline -0.005 -10"><span class='ocrx_word' id='word_1_244' title='bbox 194 2709 200 2711; x_wconf 83' lang='lat'><em>-</em></span> <span class='ocrx_word' id='word_1_245' title='bbox 261 2696 364 2733; x_wconf 79' lang='lat' dir='ltr'>tum</span> <span class='ocrx_word' id='word_1_246' title='bbox 415 2679 666 2729; x_wconf 84' lang='lat' dir='ltr'>constituit</span> <span class='ocrx_word' id='word_1_247' title='bbox 705 2680 1005 2728; x_wconf 86' lang='lat' dir='ltr'>Clericorum</span> <span class='ocrx_word' id='word_1_248' title='bbox 1043 2678 1271 2731; x_wconf 84' lang='lat' dir='ltr'>Ordines,</span> <span class='ocrx_word' id='word_1_249' title='bbox 1308 2677 1678 2741; x_wconf 84' lang='lat' dir='ltr'>Episcoporum‚</span> 
     </span>
    </p>
   </div>
   <div class='ocr_carea' id='block_1_6' title="bbox 260 2745 1675 3013">
    <p class='ocr_par' dir='ltr' id='par_1_12' title="bbox 260 2745 1675 2872">
     <span class='ocr_line' id='line_1_38' title="bbox 263 2745 1675 2813; baseline -0.004 -15"><span class='ocrx_word' id='word_1_250' title='bbox 263 2750 665 2813; x_wconf 78' lang='lat' dir='ltr'>presbyterorum</span> <span class='ocrx_word' id='word_1_251' title='bbox 715 2758 765 2794; x_wconf 87' lang='lat' dir='ltr'>et</span> <span class='ocrx_word' id='word_1_252' title='bbox 823 2747 1172 2802; x_wconf 83' lang='lat' dir='ltr'>Diaconorum,</span> <span class='ocrx_word' id='word_1_253' title='bbox 1226 2746 1397 2807; x_wconf 89' lang='lat' dir='ltr'>quibus</span> <span class='ocrx_word' id='word_1_254' title='bbox 1455 2745 1675 2810; x_wconf 71' lang='lat' dir='ltr'>adJungit</span> 
     </span>
     <span class='ocr_line' id='line_1_39' title="bbox 260 2815 970 2872; baseline -0.006 -7"><span class='ocrx_word' id='word_1_255' title='bbox 260 2818 453 2872; x_wconf 84' lang='lat' dir='ltr'>Fideles</span> <span class='ocrx_word' id='word_1_256' title='bbox 477 2827 527 2864; x_wconf 86' lang='lat' dir='ltr'>et</span> <span class='ocrx_word' id='word_1_257' title='bbox 564 2815 970 2864; x_wconf 87' lang='lat' dir='ltr'>Catechumenos.</span> 
     </span>
    </p>

    <p class='ocr_par' dir='ltr' id='par_1_13' title="bbox 261 2878 1675 3013">
     <span class='ocr_line' id='line_1_40' title="bbox 330 2878 1675 2944; baseline -0.004 -11"><span class='ocrx_word' id='word_1_258' title='bbox 330 2886 735 2933; x_wconf 86' lang='lat' dir='ltr'>Ambrosueaster</span> <span class='ocrx_word' id='word_1_259' title='bbox 759 2882 806 2927; x_wconf 91' lang='lat' dir='ltr'>in</span> <span class='ocrx_word' id='word_1_260' title='bbox 834 2897 940 2944; x_wconf 76' lang='lat' dir='ltr'>cap.</span> <span class='ocrx_word' id='word_1_261' title='bbox 967 2883 1014 2928; x_wconf 84' lang='lat'>4.</span> <span class='ocrx_word' id='word_1_262' title='bbox 1041 2878 1198 2943; x_wconf 89' lang='lat' dir='ltr'>Epist.</span> <span class='ocrx_word' id='word_1_263' title='bbox 1226 2880 1286 2927; x_wconf 89' lang='lat' dir='ltr'>ad</span> <span class='ocrx_word' id='word_1_264' title='bbox 1314 2880 1440 2944; x_wconf 84' lang='lat' dir='ltr'>Eph.</span> <span class='ocrx_word' id='word_1_265' title='bbox 1462 2879 1675 2944; x_wconf 87' lang='lat' dir='ltr'>quinque</span> 
     </span>
     <span class='ocr_line' id='line_1_41' title="bbox 261 2948 1669 3013; baseline -0.004 -15"><span class='ocrx_word' id='word_1_266' title='bbox 261 2954 471 3003; x_wconf 81' lang='lat' dir='ltr'>Ordines</span> <span class='ocrx_word' id='word_1_267' title='bbox 529 2959 768 3008; x_wconf 83' lang='lat' dir='ltr'>recenset,</span> <span class='ocrx_word' id='word_1_268' title='bbox 816 2949 1186 3012; x_wconf 86' lang='lat' dir='ltr'>Episcoporum‚</span> <span class='ocrx_word' id='word_1_269' title='bbox 1220 2948 1669 3013; x_wconf 76' lang='lat' dir='ltr'>:Presbyterorum,</span> 
     </span>
    </p>
   </div>
   <div class='ocr_carea' id='block_1_7' title="bbox 260 3016 1664 3144">
    <p class='ocr_par' dir='ltr' id='par_1_14' title="bbox 260 3016 1664 3144">
     <span class='ocr_line' id='line_1_42' title="bbox 260 3016 1501 3128; baseline -0.003 -62"><span class='ocrx_word' id='word_1_270' title='bbox 260 3019 608 3080; x_wconf 85' lang='lat' dir='ltr'>Diaconorum,</span> <span class='ocrx_word' id='word_1_271' title='bbox 644 3018 912 3068; x_wconf 87' lang='lat' dir='ltr'>Lectorum</span> <span class='ocrx_word' id='word_1_272' title='bbox 940 3026 986 3066; x_wconf 89' lang='lat' dir='ltr'>et</span> <span class='ocrx_word' id='word_1_273' title='bbox 1017 3016 1402 3065; x_wconf 80' lang='lat' dir='ltr'>Exorcistarum.</span> <span class='ocrx_word' id='word_1_274' title='bbox 1456 3082 1501 3128; x_wconf 77' lang='lat' dir='ltr'>O</span> 
     </span>
     <span class='ocr_line' id='line_1_43' title="bbox 1504 3094 1664 3144; baseline 0.025 -18"><span class='ocrx_word' id='word_1_275' title='bbox 1504 3094 1664 3144; x_wconf 73' lang='lat' dir='ltr'>ptatus</span> 
     </span>
    </p>
   </div>
  </div>
 </body>
</html>
