1846 3250
190 153 303 200 318⁴
700 136 1132 203 TRACTATUS

182 283 397 337 monium
436 283 581 332 etiam
623 284 809 333 ratione
848 286 938 344 sui,
975 288 1036 335 ob
1064 287 1304 336 Ecclesiae
1348 289 1614 339 Statutum.

189 353 325 402 Hinc
372 351 531 399 valide
569 353 859 401 contrahere
894 354 1249 404 matrimonium
1282 373 1376 403 non
1403 367 1619 419 possent,

185 421 268 482 qui
308 419 355 464 in
397 419 709 495 susceptione
735 420 933 468 Ordinis
964 422 1088 469 sacti
1128 424 1401 471 castitatem
1440 440 1618 472 vovere

184 486 470 542 noluissent,
509 486 622 549 quia
661 486 709 534 in
752 487 856 550 ipsa
894 489 1090 537 Ordinis
1139 491 1451 554 susceptione
1492 491 1613 539 taci-

188 565 289 601 tum
317 553 596 601 continetur
622 553 859 602 castitatis
885 565 1069 603 votum.

255 622 457 669 Certum
486 631 558 667 est
587 624 665 669 30·
703 621 822 668 illud
866 623 1265 685 impedimentum
1295 640 1401 671 esse
1429 635 1614 672 tantum

181 688 302 749 ‚iuris
328 688 651 736 ecclesiastici
689 705 747 736 ac
790 690 993 737 relaxari
1017 706 1176 753 posse·
1248 691 1616 738 Matrimonium

188 755 315 802 enim
345 755 547 804 Clericis
575 771 670 803 non
697 756 1004 804 interdicitur
1028 758 1116 803 nisi
1145 774 1233 820 per
1257 758 1420 820 Leges
1454 760 1615 805 eccle-

186 822 433 878 siasticas;
478 827 676 884 jamque
723 833 867 871 antea
903 824 1115 871 diximus
1164 825 1449 873 Casimirum
1502 826 1619 873 Clu·

187 889 469 938 niacensum
508 890 812 938 Monachum
852 901 902 938 et
944 892 1219 939 Diaconum
1263 909 1292 939 a
1335 892 1531 939 Polonis
1569 893 1618 939 in

186 957 377 1019 Regem
438 958 651 1005 electum
712 974 776 1005 ex
836 959 1196 1021 dispensatione
1260 961 1311 1007 S.
1363 959 1619 1008 Pontificis

186 1024 373 1073 Bened.
402 1025 493 1072 IX.
530 1024 887 1073 matrimonium
913 1026 1232 1075 contraxisse.

513 1162 592 1208 De
626 1161 946 1226 impedimento
982 1159 1263 1224 LigominiS.

257 1297 459 1345 Certum
486 1304 560 1343 est
589 1295 800 1359 ligamen
839 1312 925 1343 seu
964 1294 1209 1343 vinculum
1254 1311 1350 1359 quo
1377 1298 1613 1358 conjuges

185 1378 276 1426 per
335 1362 693 1411 matrimonium
751 1363 1021 1426 legitimum
1086 1362 1177 1410 sibi
1237 1368 1618 1425 conjunguntur,

188 1431 302 1477 dum
351 1430 468 1478 vivit
517 1441 724 1493 uterque
774 1434 1114 1492 conjux,Ju1·e
1161 1440 1265 1477 tum
1312 1431 1474 1477 divino
1513 1439 1618 1477 tum

187 1497 524 1546 ecclesiastico
599 1498 826 1545 dirimere
885 1496 1241 1560 matrimonium
1300 1499 1620 1561 subsequens,

185 1565 310 1612 adeo
351 1575 406 1613 ut
436 1570 687 1628 conjuges,
726 1566 933 1612 durante
971 1565 1117 1640 priori
1161 1564 1482 1622 matrimonio,
1519 1580 1617 1611 non

186 1633 371 1694 possint
414 1631 572 1679 valide
621 1632 751 1678 aliud
799 1631 1156 1694 matrimonium
1199 1632 1321 1678 iniri.
1408 1632 1467 1679 Id
1501 1648 1618 1679 con-

185 1709 282 1746 stat
327 1704 401 1746 10·
441 1716 504 1747 ex
540 1700 695 1746 Paulo
737 1703 780 1746 1.
831 1698 1054 1747 Corinth.
1108 1700 1153 1748 7.
1191 1698 1374 1746 Mulier
1418 1698 1616 1774 alligata

187 1775 253 1814 est
278 1768 415 1832 Legi,
454 1775 625 1831 quanto
660 1774 864 1827 tempore
898 1766 975 1813 vir
1021 1768 1120 1828 ejus
1144 1766 1297 1813 vzvit:
1336 1766 1464 1830 quod
1483 1767 1524 1812 si
1547 1765 1621 1812 vir

186 1833 285 1894 ejus
308 1834 568 1889 dormzerit,
605 1832 803 1880 lzberata
843 1840 925 1889 est,
962 1834 1035 1879 cui
1068 1831 1164 1879 vult
1202 1832 1359 1879 nubat.
1430 1833 1511 1878 20.
1538 1832 1617 1877 Ex

189 1901 381 1948 Concil.
411 1899 530 1946 Trid
555 1915 673 1946 sess.
700 1903 780 1945 24.
805 1915 911 1946 can.
939 1900 985 1945 2.
1059 1899 1113 1946 δι’
1140 1900 1243 1963 quis
1276 1899 1446 1947 dixerit
1479 1896 1616 1946 licere

189 1967 475 2016 Christianis
509 1966 671 2031 plures
711 1966 880 2014 'habere
917 1963 1056 2013 simul
1091 1982 1273 2023 uxores,
1312 1973 1355 2014 et
1380 1966 1465 2012 hoe
1489 1963 1617 2012 nabla

185 2036 317 2100 Lege
351 2051 447 2082 esse
462 2034 751 2095 prohibitum
782 2032 1028 2080 anathema
1055 2033 1133 2080 sit.
1209 2033 1286 2079 3⁰·
1327 2032 1405 2078 Ex
1431 2031 1486 2079 iis
1512 2047 1623 2093 quae

187 2101 408 2149 dicemus
434 2102 514 2148 ubi
541 2101 601 2148 de
641 2099 927 2164 Polygamia
963 2108 1012 2147 et
1051 2097 1482 2147 Indissolubilitate
1519 2113 1625 2146 ma*

186 2168 413 2222 trimonii.

261 2237 455 2292 Quaeres
484 2238 557 2282 1⁰·
584 2234 697 2298 quid
726 2234 997 2298 requiratur
1024 2243 1078 2281 ut
1103 2239 1301 2294 conjux,
1327 2251 1374 2279 v.
1400 2250 1449 2296 g.
1473 2248 1616 2288 uxor,

189 2302 291 2350 viro
324 2303 613 2365 Jamdudum
651 2303 853 2350 absente
878 2300 1027 2364 possit
1054 2301 1113 2347 ad
1148 2301 1281 2348 aliud
1323 2298 1623 2348 matrimoni·

188 2387 271 2417 um
296 2370 498 2420 admitti.

257 2440 319 2486 R.
372 2437 551 2501 requiri
593 2436 928 2500 probationem
987 2433 1234 2481 moraliter
1282 2443 1465 2482 certam
1521 2431 1617 2495 qua

192 2515 383 2553 constet
421 2505 631 2568 priorem
674 2508 931 2566 conjugem
980 2502 1041 2548 ab
1089 2501 1181 2548 hac
1224 2502 1322 2548 vita
1367 2501 1617 2562 migrasse,

191 2581 246 2618 ut
270 2572 477 2619 habetur
502 2588 609 2634 cap.
637 2573 683 2618 2.
719 2571 781 2618 de
806 2569 1015 2617 secundis
1051 2569 1258 2632 Nuptiis.
1297 2579 1348 2616 et
1372 2585 1413 2615 o.
1443 2572 1522 2616 19.
1561 2568 1619 2613 de

197 2638 408 2704 Sponsal.
485 2639 632 2685 Ratio
658 2654 687 2685 a
711 2637 859 2701 priori
886 2646 975 2693 est,
1013 2635 1126 2697 quia.
1150 2635 1266 2682 alias
1304 2640 1483 2696 conjux
1510 2648 1619 2680 sese

191 2715 461 2768 exponeret
488 2705 708 2767 periculo
735 2702 1055 2752 contrahendi
1098 2701 1455 2749 matrimonium
1484 2701 1617 2747 inva-

189 2772 359 2829 lidum,
397 2772 599 2834 aliisque
625 2772 760 2818 malis
785 2770 899 2817 inde
919 2769 1053 2816 nasci
1076 2768 1245 2816 solitis.

265 2841 457 2895 Quaeres
492 2840 569 2886 2⁰·
621 2854 840 2901 quaenam
882 2836 977 2883 sint
1010 2836 1322 2898 probationes
1369 2833 1619 2882 moraliter
1646 2851 1656 2869 ’-

188 2917 364 2962 caertae,
403 2915 453 2953 et
488 2905 710 2953 absolute
746 2902 1007 2967 requisitae,
1046 2912 1100 2953 ut
1126 2902 1241 2953 talis
1254 2907 1435 2966 conjux
1462 2900 1617 2966 possit

185 2974 246 3020 ad
270 2973 402 3022 aliud
429 2972 784 3022 matrimonium
811 2969 1042 3019 admitti?
1531 3032 1583 3080 R
