1846 3250
267 206 333 251 32
761 204 1189 253 TRACTATUS

341 342 404 388 R.
439 339 848 390 subdiaconatum
884 341 1014 405 apud
1056 342 1256 389 Graecos
1304 357 1544 389 annexam
1567 359 1681 390 non

275 409 456 456 habere
499 407 863 464 continentiam,
918 425 1078 473 neque
1126 409 1173 455 id
1221 426 1413 473 semper
1459 410 1683 459 habuisse

275 476 405 539 apud
453 476 669 540 Latinos,
708 487 760 524 ut
809 476 932 524 infra
979 476 1261 525 videbimus.
1344 477 1558 526 Aliunde
1605 480 1684 526 lex

276 544 530 592 coelibatus
575 544 689 591 nibil
733 545 879 592 habet
920 561 1177 592 commune
1220 562 1330 594 cum
1373 546 1557 594 ratione
1599 547 1684 594 Sa-

277 612 528 660 cramen'ti.
600 613 741 679 Velle
800 613 958 676 potuit
1020 613 1240 661 Ecclesia
1285 625 1338 661 ut
1389 614 1685 662 Subdiaconi

277 680 623 729 continentiam
671 691 936 735 servarent,
990 698 1048 729 eo
1098 682 1228 744 quod
1274 698 1411 730 sacra
1458 684 1688 746 mysteria

278 758 604 805 contrectent,
652 749 770 797 licet
817 760 978 796 tamen
1038 749 1433 806 subdiaconatuS,
1483 767 1579 798 non
1626 751 1688 799 sit

239 846 242 850 ν
278 818 661 866 Sacramentum.

345 885 491 933 Dices
515 885 590 933 5⁰.
629 885 855 949 Synodus
883 884 1017 932 Trid,
1052 900 1168 933 sess,
1203 887 1281 933 ⁶23.
1318 902 1425 949 cap.
1453 888 1498 933 Ξ.
1542 887 1690 934 docet,

261 953 679 1001 'subdiaconatum
724 953 784 1000 ad
824 958 1025 1013 majores
1053 954 1262 1001 Ordines
1305 971 1333 1001 a
1376 954 1600 1002 Patribus
1637 965 1687 1003 et

259 1020 456 1070 ⁴sanctis
482 1021 711 1070 Conciliis
759 1021 943 1069 referri.
1013 1021 1145 1084 Ergo
1171 1031 1245 1070 est
1273 1023 1654 1071 Sacramentum.

296 1099 306 1105 “’
344 1091 406 1138 R.
432 1088 832 1137 subdiaconatum
869 1089 994 1136 inter
1017 1105 1179 1137 sacros
1216 1100 1265 1138 ct
1309 1096 1511 1152 majores
1546 1091 1690 1138 Ordi-

264 1166 364 1205 'nes
389 1174 417 1206 a
443 1158 631 1210 Graecis
657 1173 750 1205 non
777 1157 1037 1214 recenseri,
1098 1174 1189 1205 nec
1215 1158 1344 1221 apud
1370 1158 1569 1206 Latinos
1597 1158 1687 1205 nisi

260 1223 441 1274 'saecuh
469 1228 545 1273 12.
569 1224 717 1274 fuisse
734 1225 1046 1281 recensitum,
1076 1236 1128 1272 ut
1152 1237 1286 1289 patet
1312 1243 1374 1273 ex
1403 1228 1570 1274 Innoc.
1592 1227 1690 1273 ΙΙΙ.

277 1311 385 1359 cap.
421 1312 449 1341 a
474 1293 628 1342 multis
652 1296 707 1342 de
731 1301 885 1342 (etate.
924 1294 1112 1342 Concil.
1160 1295 1379 1342 Trident.
1413 1294 1558 1341 habet
1584 1297 1689 1357 qui-

258 1359 387 1409 ⁴dem
427 1378 537 1409 cum
579 1362 803 1409 Patribus
841 1361 976 1408 illurn
1020 1361 1253 1408 Ordinem
1295 1373 1346 1408 ut
1385 1378 1593 1418 sacrum,
1631 1380 1690 1410 eo

265 1429 405 1495 'quod
432 1428 709 1493 specialiter
733 1428 976 1477 hominem
1017 1430 1128 1477 Deo
1165 1441 1450 1485 consecret,
1483 1432 1567 1478 sed
1593 1447 1690 1477 non

274 1497 445 1547 asserit
470 1514 580 1546 eum
601 1498 660 1545 ab
687 1497 814 1545 omni
843 1514 942 1544 aevo
967 1498 1092 1544 inter
1117 1514 1279 1544 sacros
1307 1498 1515 1545 OrdInes
1539 1499 1690 1545 fuisse.

246 1575 659 1623 ‘annumeratum,
698 1581 790 1614 nec
815 1565 958 1613 etiam
983 1565 1116 1612 illum
1139 1581 1244 1613 esse.
1272 1566 1654 1613 Sacramentum„

706 1778 1129 1828 PROPOSITIO
1170 1780 1258 1826 IV.

364 1946 579 2001 Quaiuor
604 1943 803 1992 minores
831 1943 1029 1991 Ordines
1054 1961 1143 1991 non
1168 1952 1276 1992 sunt
1303 1946 1621 1993 Sacramenta.

344 2080 423 2126 Ita
448 2078 586 2126 multi
613 2088 782 2125 contra
808 2078 1059 2139 quosdam.

343 2146 589 2195 Prob.1⁰.
624 2147 815 2193 cunctis
855 2146 1152 2208 argumentis
1190 2125 1363 2210 quibus
1399 2157 1542 2195 antea
1576 2164 1688 2211 pro-

275 2216 441 2263 batum
469 2224 543 2263 est
566 2214 973 2261 subdiaconatum
997 2215 1295 2262 Sam-amenti
1331 2216 1562 2262 rationem
1590 2232 1686 2262 non

274 2282 364 2331 sibi
388 2282 650 2331 vindicare.
720 2282 845 2328 Haec
870 2280 996 2329 enim
1017 2281 1279 2329 minoribus
1304 2283 1566 2330 Ordinibus
1601 2299 1687 2344 po-

275 2351 392 2398 tioriv
409 2351 555 2398 titulo
579 2349 888 2397 conveniunt.
962 2350 1106 2403 Quod
1128 2350 1164 2396 si
1190 2350 1564 2398 subdiaconatus
1590 2366 1686 2397 non

276 2420 339 2466 sit
378 2420 761 2473 Sacramentum,
800 2417 954 2465 multo
996 2416 1149 2464 minus
1194 2418 1505 2465 Sacramenta
1547 2428 1687 2466 erunt

276 2485 529 2535 inferiores
555 2484 781 2535 Ordines.

259 2596 263 2601 ,
346 2555 456 2602 Jam
499 2563 660 2602 autem
697 2551 1009 2601 ,satisfactum
1052 2563 1124 2601 est
1171 2552 1271 2601 sive
1320 2551 1577 2615 objectioni
1622 2568 1684 2599 ex

260 2621 468 2671 ,Concil.
507 2621 786 2669 Florentino
823 2621 1029 2684 proponi
1068 2619 1234 2680 solitae,
1271 2620 1372 2670 sive
1398 2620 1684 2685 quibusdam

279 2689 382 2738 aliis
407 2688 786 2738 difficultatibus.

1436 3023 1683 3073 CAPUT.
