<?xml version="1.0" encoding="UTF-8"?>
<!DOCTYPE html PUBLIC "-//W3C//DTD XHTML 1.0 Transitional//EN"
    "http://www.w3.org/TR/xhtml1/DTD/xhtml1-transitional.dtd">
<html xmlns="http://www.w3.org/1999/xhtml" xml:lang="en" lang="en">
 <head>
  <title>
</title>
<meta http-equiv="Content-Type" content="text/html;charset=utf-8" />
  <meta name='ocr-system' content='tesseract 3.04.00' />
  <meta name='ocr-capabilities' content='ocr_page ocr_carea ocr_par ocr_line ocrx_word'/>
</head>
<body>
  <div class='ocr_page' id='page_1' title='image "./theologica00bailuoft_0106.png"; bbox 0 0 1846 3250; ppageno 0'>
   <div class='ocr_carea' id='block_1_1' title="bbox 291 118 1222 178">
    <p class='ocr_par' dir='ltr' id='par_1_1' title="bbox 291 118 1222 178">
     <span class='ocr_line' id='line_1_1' title="bbox 291 118 1222 178; baseline 0.004 -13"><span class='ocrx_word' id='word_1_1' title='bbox 291 118 386 165; x_wconf 74' lang='lat'>102</span> <span class='ocrx_word' id='word_1_2' title='bbox 796 118 1222 178; x_wconf 74' lang='lat' dir='ltr'><strong>TRACTATUS</strong></span> 
     </span>
    </p>
   </div>
   <div class='ocr_carea' id='block_1_2' title="bbox 246 253 1732 2420">
    <p class='ocr_par' dir='ltr' id='par_1_2' title="bbox 281 253 1705 658">
     <span class='ocr_line' id='line_1_2' title="bbox 289 253 1700 320; baseline 0.001 -20"><span class='ocrx_word' id='word_1_3' title='bbox 289 253 402 314; x_wconf 81' lang='lat' dir='ltr'>lege</span> <span class='ocrx_word' id='word_1_4' title='bbox 427 254 761 317; x_wconf 75' lang='lat' dir='ltr'>praeciperent.</span> <span class='ocrx_word' id='word_1_5' title='bbox 850 256 975 304; x_wconf 89' lang='lat' dir='ltr'>Cum</span> <span class='ocrx_word' id='word_1_6' title='bbox 998 255 1162 320; x_wconf 83' lang='lat' dir='ltr'>itaque</span> <span class='ocrx_word' id='word_1_7' title='bbox 1186 273 1272 318; x_wconf 87' lang='lat' dir='ltr'>pro</span> <span class='ocrx_word' id='word_1_8' title='bbox 1298 266 1400 304; x_wconf 83' lang='lat' dir='ltr'>toto</span> <span class='ocrx_word' id='word_1_9' title='bbox 1428 253 1700 303; x_wconf 84' lang='lat' dir='ltr'>Occidente</span> 
     </span>
     <span class='ocr_line' id='line_1_3' title="bbox 281 321 1700 383; baseline 0.001 -15"><span class='ocrx_word' id='word_1_10' title='bbox 281 327 383 383; x_wconf 77' lang='lat' dir='ltr'>jam</span> <span class='ocrx_word' id='word_1_11' title='bbox 407 321 591 369; x_wconf 81' lang='lat' dir='ltr'>dudum</span> <span class='ocrx_word' id='word_1_12' title='bbox 615 322 1016 382; x_wconf 85' lang='lat' dir='ltr'>consuetudine,</span> <span class='ocrx_word' id='word_1_13' title='bbox 1005 325 1264 372; x_wconf 79' lang='lat' dir='ltr'>innumeris</span> <span class='ocrx_word' id='word_1_14' title='bbox 1292 324 1618 374; x_wconf 86' lang='lat' dir='ltr'>Conciliorum</span> <span class='ocrx_word' id='word_1_15' title='bbox 1645 339 1700 370; x_wconf 83' lang='lat' dir='ltr'>ae</span> 
     </span>
     <span class='ocr_line' id='line_1_4' title="bbox 296 388 1702 457; baseline 0.003 -21"><span class='ocrx_word' id='word_1_16' title='bbox 296 388 347 436; x_wconf 87' lang='lat' dir='ltr'>S</span> <span class='ocrx_word' id='word_1_17' title='bbox 373 388 664 437; x_wconf 82' lang='lat' dir='ltr'>Pontificum</span> <span class='ocrx_word' id='word_1_18' title='bbox 693 390 937 449; x_wconf 83' lang='lat' dir='ltr'><strong>Decretis,</strong></span> <span class='ocrx_word' id='word_1_19' title='bbox 965 393 1262 455; x_wconf 78' lang='lat' dir='ltr'>solemnique</span> <span class='ocrx_word' id='word_1_20' title='bbox 1291 392 1472 457; x_wconf 86' lang='lat' dir='ltr'>Synodi</span> <span class='ocrx_word' id='word_1_21' title='bbox 1500 390 1702 440; x_wconf 83' lang='lat' dir='ltr'>Triden-</span> 
     </span>
     <span class='ocr_line' id='line_1_5' title="bbox 294 456 1705 511; baseline 0.001 -6"><span class='ocrx_word' id='word_1_22' title='bbox 294 456 374 505; x_wconf 83' lang='lat' dir='ltr'>tiae</span> <span class='ocrx_word' id='word_1_23' title='bbox 415 458 729 506; x_wconf 76' lang='lat' dir='ltr'>oecumenicae</span> <span class='ocrx_word' id='word_1_24' title='bbox 773 460 968 508; x_wconf 83' lang='lat' dir='ltr'>Statuto</span> <span class='ocrx_word' id='word_1_25' title='bbox 1007 462 1091 509; x_wconf 86' lang='lat' dir='ltr'>lex</span> <span class='ocrx_word' id='word_1_26' title='bbox 1135 462 1387 511; x_wconf 77' lang='lat' dir='ltr'>coelibatus</span> <span class='ocrx_word' id='word_1_27' title='bbox 1414 459 1615 508; x_wconf 82' lang='lat' dir='ltr'>Clericis</span> <span class='ocrx_word' id='word_1_28' title='bbox 1656 458 1705 506; x_wconf 82' lang='lat' dir='ltr'>in</span> 
     </span>
     <span class='ocr_line' id='line_1_6' title="bbox 294 525 1703 593; baseline 0.002 -23.011"><span class='ocrx_word' id='word_1_29' title='bbox 294 525 463 575; x_wconf 78' lang='lat' dir='ltr'>Sacris</span> <span class='ocrx_word' id='word_1_30' title='bbox 484 526 779 574; x_wconf 85' lang='lat' dir='ltr'>constitutis</span> <span class='ocrx_word' id='word_1_31' title='bbox 790 537 1037 593; x_wconf 84' lang='lat' dir='ltr'>praecepta</span> <span class='ocrx_word' id='word_1_32' title='bbox 1059 528 1162 586; x_wconf 87' lang='lat' dir='ltr'>sit,</span> <span class='ocrx_word' id='word_1_33' title='bbox 1174 530 1276 576; x_wconf 85' lang='lat' dir='ltr'>siue</span> <span class='ocrx_word' id='word_1_34' title='bbox 1302 529 1500 576; x_wconf 86' lang='lat' dir='ltr'>crimine</span> <span class='ocrx_word' id='word_1_35' title='bbox 1526 529 1585 576; x_wconf 74' lang='lat' dir='ltr'>ab</span> <span class='ocrx_word' id='word_1_36' title='bbox 1611 525 1703 573; x_wconf 85' lang='lat' dir='ltr'>illis</span> 
     </span>
     <span class='ocr_line' id='line_1_7' title="bbox 294 592 782 658; baseline 0.013 -20"><span class='ocrx_word' id='word_1_37' title='bbox 294 592 462 640; x_wconf 85' lang='lat' dir='ltr'>violari</span> <span class='ocrx_word' id='word_1_38' title='bbox 486 609 582 642; x_wconf 85' lang='lat' dir='ltr'>non</span> <span class='ocrx_word' id='word_1_39' title='bbox 606 605 782 658; x_wconf 84' lang='lat' dir='ltr'>potest.</span> 
     </span>
    </p>

    <p class='ocr_par' dir='ltr' id='par_1_3' title="bbox 367 635 1711 727">
     <span class='ocr_line' id='line_1_8' title="bbox 367 635 1711 727; baseline 0 -19"><span class='ocrx_word' id='word_1_40' title='bbox 367 661 701 711; x_wconf 65' lang='lat' dir='ltr'>Protestantes</span> <span class='ocrx_word' id='word_1_41' title='bbox 726 680 784 711; x_wconf 81' lang='lat' dir='ltr'>ac</span> <span class='ocrx_word' id='word_1_42' title='bbox 807 664 1077 727; x_wconf 82' lang='lat' dir='ltr'>praesertim</span> <span class='ocrx_word' id='word_1_43' title='bbox 1107 664 1470 715; x_wconf 83' lang='lat' dir='ltr'>Centuriatores</span> <span class='ocrx_word' id='word_1_44' title='bbox 1501 635 1711 724; x_wconf 82' lang='lat' dir='ltr'>Magde-</span> 
     </span>
    </p>

    <p class='ocr_par' dir='ltr' id='par_1_4' title="bbox 246 730 1731 2420">
     <span class='ocr_line' id='line_1_9' title="bbox 296 730 1710 797; baseline 0 -21"><span class='ocrx_word' id='word_1_45' title='bbox 296 730 565 792; x_wconf 77' lang='lat' dir='ltr'>burgenses</span> <span class='ocrx_word' id='word_1_46' title='bbox 583 731 722 779; x_wconf 89' lang='lat' dir='ltr'>nobis</span> <span class='ocrx_word' id='word_1_47' title='bbox 759 743 1008 796; x_wconf 88' lang='lat' dir='ltr'>opponunt</span> <span class='ocrx_word' id='word_1_48' title='bbox 1032 733 1259 797; x_wconf 81' lang='lat' dir='ltr'>exempla</span> <span class='ocrx_word' id='word_1_49' title='bbox 1283 734 1541 780; x_wconf 86' lang='lat' dir='ltr'>multorum</span> <span class='ocrx_word' id='word_1_50' title='bbox 1571 731 1710 794; x_wconf 87' lang='lat' dir='ltr'>Epis-</span> 
     </span>
     <span class='ocr_line' id='line_1_10' title="bbox 298 799 1711 865; baseline 0 -20"><span class='ocrx_word' id='word_1_51' title='bbox 298 814 531 861; x_wconf 84' lang='lat' dir='ltr'>coporum</span> <span class='ocrx_word' id='word_1_52' title='bbox 558 800 816 848; x_wconf 77' lang='lat' dir='ltr'>sanctitate</span> <span class='ocrx_word' id='word_1_53' title='bbox 841 801 1229 878; x_wconf 72' lang='lat' dir='ltr'>cOnspicuoium,</span> <span class='ocrx_word' id='word_1_54' title='bbox 1266 801 1345 862; x_wconf 88' lang='lat' dir='ltr'>qui</span> <span class='ocrx_word' id='word_1_55' title='bbox 1381 818 1445 849; x_wconf 85' lang='lat' dir='ltr'>ex</span> <span class='ocrx_word' id='word_1_56' title='bbox 1478 799 1711 847; x_wconf 83' lang='lat' dir='ltr'>uxoribus</span> 
     </span>
     <span class='ocr_line' id='line_1_11' title="bbox 297 863 1713 931; baseline 0.001 -19"><span class='ocrx_word' id='word_1_57' title='bbox 297 866 422 912; x_wconf 85' lang='lat' dir='ltr'>filios</span> <span class='ocrx_word' id='word_1_58' title='bbox 445 882 727 930; x_wconf 83' lang='lat' dir='ltr'>procreasse</span> <span class='ocrx_word' id='word_1_59' title='bbox 750 869 1042 925; x_wconf 81' lang='lat' dir='ltr'>referuntur,</span> <span class='ocrx_word' id='word_1_60' title='bbox 1091 869 1217 917; x_wconf 87' lang='lat' dir='ltr'>inter</span> <span class='ocrx_word' id='word_1_61' title='bbox 1242 885 1362 931; x_wconf 89' lang='lat' dir='ltr'>quos</span> <span class='ocrx_word' id='word_1_62' title='bbox 1385 877 1610 928; x_wconf 81' lang='lat' dir='ltr'>recenset</span> <span class='ocrx_word' id='word_1_63' title='bbox 1635 863 1713 914; x_wconf 81' lang='lat'>10.</span> 
     </span>
     <span class='ocr_line' id='line_1_12' title="bbox 303 925 1711 1001; baseline -0.001 -19"><span class='ocrx_word' id='word_1_64' title='bbox 303 935 355 982; x_wconf 90' lang='lat' dir='ltr'>S.</span> <span class='ocrx_word' id='word_1_65' title='bbox 379 934 673 997; x_wconf 83' lang='lat' dir='ltr'>Gregoriurn</span> <span class='ocrx_word' id='word_1_66' title='bbox 704 938 942 986; x_wconf 84' lang='lat' dir='ltr'>seniorem</span> <span class='ocrx_word' id='word_1_67' title='bbox 979 938 1062 1001; x_wconf 88' lang='lat' dir='ltr'>qui</span> <span class='ocrx_word' id='word_1_68' title='bbox 1090 942 1191 999; x_wconf 83' lang='lat' dir='ltr'>jam</span> <span class='ocrx_word' id='word_1_69' title='bbox 1234 936 1393 989; x_wconf 83' lang='lat' dir='ltr'>factus</span> <span class='ocrx_word' id='word_1_70' title='bbox 1420 925 1711 999; x_wconf 80' lang='lat' dir='ltr'>EpiscopuS‚</span> 
     </span>
     <span class='ocr_line' id='line_1_13' title="bbox 296 1002 1713 1070; baseline -0.002 -20"><span class='ocrx_word' id='word_1_71' title='bbox 296 1012 355 1054; x_wconf 77' lang='lat' dir='ltr'>ut</span> <span class='ocrx_word' id='word_1_72' title='bbox 387 1002 505 1065; x_wconf 84' lang='lat' dir='ltr'>&#39;ipsis</span> <span class='ocrx_word' id='word_1_73' title='bbox 544 1003 752 1059; x_wconf 88' lang='lat' dir='ltr'>videtur,</span> <span class='ocrx_word' id='word_1_74' title='bbox 789 1006 1084 1070; x_wconf 87' lang='lat' dir='ltr'>Gregorium</span> <span class='ocrx_word' id='word_1_75' title='bbox 1130 1014 1301 1069; x_wconf 83' lang='lat' dir='ltr'>postea</span> <span class='ocrx_word' id='word_1_76' title='bbox 1347 1004 1713 1053; x_wconf 85' lang='lat' dir='ltr'>Nazianzenum</span> 
     </span>
     <span class='ocr_line' id='line_1_14' title="bbox 299 1070 1713 1135; baseline -0.001 -17"><span class='ocrx_word' id='word_1_77' title='bbox 299 1070 675 1129; x_wconf 72' lang='lat' dir='ltr'>filiu1nhabuit3</span> <span class='ocrx_word' id='word_1_78' title='bbox 711 1075 791 1120; x_wconf 73' lang='lat'>20·</span> <span class='ocrx_word' id='word_1_79' title='bbox 819 1075 1184 1123; x_wconf 87' lang='lat' dir='ltr'>Chaeremonem</span> <span class='ocrx_word' id='word_1_80' title='bbox 1222 1072 1285 1120; x_wconf 87' lang='lat' dir='ltr'>de</span> <span class='ocrx_word' id='word_1_81' title='bbox 1326 1088 1421 1135; x_wconf 87' lang='lat' dir='ltr'>quo</span> <span class='ocrx_word' id='word_1_82' title='bbox 1455 1070 1713 1125; x_wconf 81' lang='lat' dir='ltr'>EusebiuS,</span> 
     </span>
     <span class='ocr_line' id='line_1_15' title="bbox 298 1138 1713 1206; baseline -0.001 -20"><span class='ocrx_word' id='word_1_83' title='bbox 298 1138 385 1186; x_wconf 90' lang='lat' dir='ltr'>lib.</span> <span class='ocrx_word' id='word_1_84' title='bbox 405 1142 452 1186; x_wconf 85' lang='lat'>6.</span> <span class='ocrx_word' id='word_1_85' title='bbox 490 1155 534 1187; x_wconf 88' lang='lat' dir='ltr'>c.</span> <span class='ocrx_word' id='word_1_86' title='bbox 567 1143 646 1187; x_wconf 80' lang='lat'>34.</span> <span class='ocrx_word' id='word_1_87' title='bbox 717 1144 797 1189; x_wconf 70' lang='lat'>3⁰·</span> <span class='ocrx_word' id='word_1_88' title='bbox 832 1142 1125 1206; x_wconf 79' lang='lat' dir='ltr'>Gregorium</span> <span class='ocrx_word' id='word_1_89' title='bbox 1166 1141 1458 1205; x_wconf 87' lang='lat' dir='ltr'>Nyssenum.</span> <span class='ocrx_word' id='word_1_90' title='bbox 1528 1140 1713 1186; x_wconf 86' lang='lat' dir='ltr'>Verum</span> 
     </span>
     <span class='ocr_line' id='line_1_16' title="bbox 302 1207 1712 1274; baseline -0.001 -21"><span class='ocrx_word' id='word_1_91' title='bbox 302 1207 410 1255; x_wconf 83' lang='lat' dir='ltr'>haec</span> <span class='ocrx_word' id='word_1_92' title='bbox 458 1209 686 1272; x_wconf 85' lang='lat' dir='ltr'>exempla</span> <span class='ocrx_word' id='word_1_93' title='bbox 734 1227 841 1274; x_wconf 85' lang='lat' dir='ltr'>quae</span> <span class='ocrx_word' id='word_1_94' title='bbox 888 1212 1171 1259; x_wconf 77' lang='lat' dir='ltr'>Giaecorum</span> <span class='ocrx_word' id='word_1_95' title='bbox 1215 1218 1329 1257; x_wconf 88' lang='lat' dir='ltr'>sunt</span> <span class='ocrx_word' id='word_1_96' title='bbox 1376 1217 1582 1261; x_wconf 85' lang='lat' dir='ltr'>tantum,</span> <span class='ocrx_word' id='word_1_97' title='bbox 1616 1221 1712 1253; x_wconf 90' lang='lat' dir='ltr'>non</span> 
     </span>
     <span class='ocr_line' id='line_1_17' title="bbox 300 1267 1718 1339; baseline -0.001 -16.996"><span class='ocrx_word' id='word_1_98' title='bbox 300 1267 610 1334; x_wconf 82' lang='lat' dir='ltr'>Latinorum,</span> <span class='ocrx_word' id='word_1_99' title='bbox 646 1278 922 1327; x_wconf 82' lang='lat' dir='ltr'>nullatenus</span> <span class='ocrx_word' id='word_1_100' title='bbox 964 1287 1186 1326; x_wconf 78' lang='lat' dir='ltr'>astluunt</span> <span class='ocrx_word' id='word_1_101' title='bbox 1221 1277 1382 1339; x_wconf 87' lang='lat' dir='ltr'>legem</span> <span class='ocrx_word' id='word_1_102' title='bbox 1408 1274 1718 1323; x_wconf 73' lang='lat' dir='ltr'>continentiae</span> 
     </span>
     <span class='ocr_line' id='line_1_18' title="bbox 306 1341 1721 1407; baseline -0.002 -16"><span class='ocrx_word' id='word_1_103' title='bbox 306 1352 558 1407; x_wconf 82' lang='lat' dir='ltr'>perpetuae</span> <span class='ocrx_word' id='word_1_104' title='bbox 604 1346 752 1393; x_wconf 81' lang='lat' dir='ltr'>sacris</span> <span class='ocrx_word' id='word_1_105' title='bbox 803 1345 1041 1394; x_wconf 86' lang='lat' dir='ltr'>Ministris</span> <span class='ocrx_word' id='word_1_106' title='bbox 1088 1344 1441 1392; x_wconf 84' lang='lat' dir='ltr'>consuetudine</span> <span class='ocrx_word' id='word_1_107' title='bbox 1488 1341 1721 1406; x_wconf 83' lang='lat' dir='ltr'>antiquis-</span> 
     </span>
     <span class='ocr_line' id='line_1_19' title="bbox 307 1410 1720 1475; baseline -0.001 -17"><span class='ocrx_word' id='word_1_108' title='bbox 307 1410 443 1469; x_wconf 81' lang='lat' dir='ltr'>sima,</span> <span class='ocrx_word' id='word_1_109' title='bbox 505 1412 826 1462; x_wconf 81' lang='lat' dir='ltr'>Consiliorum</span> <span class='ocrx_word' id='word_1_110' title='bbox 868 1415 1129 1462; x_wconf 84' lang='lat' dir='ltr'>multorum</span> <span class='ocrx_word' id='word_1_111' title='bbox 1176 1412 1423 1469; x_wconf 81' lang='lat' dir='ltr'>Decretis,</span> <span class='ocrx_word' id='word_1_112' title='bbox 1472 1411 1720 1475; x_wconf 81' lang='lat' dir='ltr'>ipsiusque</span> 
     </span>
     <span class='ocr_line' id='line_1_20' title="bbox 311 1478 1722 1544; baseline -0.002 -17"><span class='ocrx_word' id='word_1_113' title='bbox 311 1479 498 1544; x_wconf 86' lang='lat' dir='ltr'>Synodi</span> <span class='ocrx_word' id='word_1_114' title='bbox 539 1482 851 1530; x_wconf 80' lang='lat' dir='ltr'>oeeumenicae</span> <span class='ocrx_word' id='word_1_115' title='bbox 886 1482 1073 1543; x_wconf 71' lang='lat' dir='ltr'>Judieio</span> <span class='ocrx_word' id='word_1_116' title='bbox 1112 1481 1158 1527; x_wconf 89' lang='lat' dir='ltr'>in</span> <span class='ocrx_word' id='word_1_117' title='bbox 1184 1480 1411 1528; x_wconf 81' lang='lat' dir='ltr'>Ecclesia</span> <span class='ocrx_word' id='word_1_118' title='bbox 1445 1479 1595 1527; x_wconf 81' lang='lat' dir='ltr'>latina</span> <span class='ocrx_word' id='word_1_119' title='bbox 1631 1478 1722 1525; x_wconf 89' lang='lat' dir='ltr'>im.-</span> 
     </span>
     <span class='ocr_line' id='line_1_21' title="bbox 309 1547 1724 1611; baseline -0.001 -18"><span class='ocrx_word' id='word_1_120' title='bbox 309 1547 535 1611; x_wconf 75' lang='lat' dir='ltr'>positam,</span> <span class='ocrx_word' id='word_1_121' title='bbox 589 1549 682 1595; x_wconf 87' lang='lat' dir='ltr'>vim</span> <span class='ocrx_word' id='word_1_122' title='bbox 731 1566 829 1598; x_wconf 89' lang='lat' dir='ltr'>non</span> <span class='ocrx_word' id='word_1_123' title='bbox 869 1551 1050 1599; x_wconf 84' lang='lat' dir='ltr'>habere</span> <span class='ocrx_word' id='word_1_124' title='bbox 1092 1565 1149 1596; x_wconf 82' lang='lat' dir='ltr'>ac</span> <span class='ocrx_word' id='word_1_125' title='bbox 1189 1548 1292 1596; x_wconf 88' lang='lat' dir='ltr'>sine</span> <span class='ocrx_word' id='word_1_126' title='bbox 1339 1547 1539 1595; x_wconf 79' lang='lat' dir='ltr'>crimine</span> <span class='ocrx_word' id='word_1_127' title='bbox 1579 1561 1724 1610; x_wconf 89' lang='lat' dir='ltr'>posse</span> 
     </span>
     <span class='ocr_line' id='line_1_22' title="bbox 308 1613 1722 1681; baseline 0 -21"><span class='ocrx_word' id='word_1_128' title='bbox 308 1613 534 1676; x_wconf 85' lang='lat' dir='ltr'>infringi;</span> <span class='ocrx_word' id='word_1_129' title='bbox 569 1616 657 1663; x_wconf 86' lang='lat' dir='ltr'>sed</span> <span class='ocrx_word' id='word_1_130' title='bbox 691 1618 753 1665; x_wconf 82' lang='lat' dir='ltr'>ad</span> <span class='ocrx_word' id='word_1_131' title='bbox 789 1634 1027 1665; x_wconf 87' lang='lat' dir='ltr'>summum</span> <span class='ocrx_word' id='word_1_132' title='bbox 1070 1616 1243 1681; x_wconf 82' lang='lat' dir='ltr'>probat</span> <span class='ocrx_word' id='word_1_133' title='bbox 1278 1616 1355 1663; x_wconf 88' lang='lat' dir='ltr'>vel</span> <span class='ocrx_word' id='word_1_134' title='bbox 1390 1616 1569 1663; x_wconf 85' lang='lat' dir='ltr'>nullam</span> <span class='ocrx_word' id='word_1_135' title='bbox 1606 1625 1722 1662; x_wconf 86' lang='lat' dir='ltr'>tunc</span> 
     </span>
     <span class='ocr_line' id='line_1_23' title="bbox 312 1681 1725 1746; baseline -0.001 -18"><span class='ocrx_word' id='word_1_136' title='bbox 312 1683 561 1731; x_wconf 83' lang='lat' dir='ltr'>exstitisse</span> <span class='ocrx_word' id='word_1_137' title='bbox 580 1685 743 1746; x_wconf 90' lang='lat' dir='ltr'>legem</span> <span class='ocrx_word' id='word_1_138' title='bbox 761 1685 809 1731; x_wconf 88' lang='lat' dir='ltr'>in</span> <span class='ocrx_word' id='word_1_139' title='bbox 829 1683 1066 1733; x_wconf 86' lang='lat' dir='ltr'>Ecclesiis</span> <span class='ocrx_word' id='word_1_140' title='bbox 1092 1683 1171 1731; x_wconf 88' lang='lat' dir='ltr'>ubi</span> <span class='ocrx_word' id='word_1_141' title='bbox 1196 1683 1226 1728; x_wconf 88' lang='lat' dir='ltr'>ii</span> <span class='ocrx_word' id='word_1_142' title='bbox 1253 1683 1456 1734; x_wconf 80' lang='lat' dir='ltr'>aderant</span> <span class='ocrx_word' id='word_1_143' title='bbox 1473 1681 1725 1746; x_wconf 84' lang='lat' dir='ltr'>Episcopi,</span> 
     </span>
     <span class='ocr_line' id='line_1_24' title="bbox 313 1749 1724 1815; baseline -0.001 -18"><span class='ocrx_word' id='word_1_144' title='bbox 313 1751 390 1798; x_wconf 90' lang='lat' dir='ltr'>vel</span> <span class='ocrx_word' id='word_1_145' title='bbox 416 1751 544 1797; x_wconf 87' lang='lat' dir='ltr'>illam</span> <span class='ocrx_word' id='word_1_146' title='bbox 575 1768 663 1799; x_wconf 89' lang='lat' dir='ltr'>usu</span> <span class='ocrx_word' id='word_1_147' title='bbox 706 1754 947 1801; x_wconf 79' lang='lat' dir='ltr'>contrario</span> <span class='ocrx_word' id='word_1_148' title='bbox 984 1752 1132 1800; x_wconf 87' lang='lat' dir='ltr'>fuisse</span> <span class='ocrx_word' id='word_1_149' title='bbox 1171 1752 1468 1815; x_wconf 81' lang='lat' dir='ltr'>abrogatam,</span> <span class='ocrx_word' id='word_1_150' title='bbox 1506 1751 1581 1798; x_wconf 90' lang='lat' dir='ltr'>vel</span> <span class='ocrx_word' id='word_1_151' title='bbox 1620 1749 1724 1798; x_wconf 88' lang='lat' dir='ltr'>uni-</span> 
     </span>
     <span class='ocr_line' id='line_1_25' title="bbox 314 1820 1258 1882; baseline 0 -17"><span class='ocrx_word' id='word_1_152' title='bbox 314 1824 610 1882; x_wconf 84' lang='lat' dir='ltr'>uscujusque</span> <span class='ocrx_word' id='word_1_153' title='bbox 635 1820 832 1868; x_wconf 85' lang='lat' dir='ltr'>arbitrio</span> <span class='ocrx_word' id='word_1_154' title='bbox 854 1821 1003 1869; x_wconf 88' lang='lat' dir='ltr'>fuisse</span> <span class='ocrx_word' id='word_1_155' title='bbox 1021 1820 1258 1868; x_wconf 81' lang='lat' dir='ltr'>relictam.</span> 
     </span>
     <span class='ocr_line' id='line_1_26' title="bbox 307 1884 1726 1952; baseline -0.004 -17"><span class='ocrx_word' id='word_1_156' title='bbox 307 1933 311 1935; x_wconf 82' lang='lat'>.</span> <span class='ocrx_word' id='word_1_157' title='bbox 385 1888 615 1943; x_wconf 77' lang='lat' dir='ltr'>Quamvis</span> <span class='ocrx_word' id='word_1_158' title='bbox 648 1889 753 1937; x_wconf 84' lang='lat' dir='ltr'>haec</span> <span class='ocrx_word' id='word_1_159' title='bbox 775 1889 919 1952; x_wconf 87' lang='lat' dir='ltr'>plene</span> <span class='ocrx_word' id='word_1_160' title='bbox 960 1889 1022 1937; x_wconf 81' lang='lat' dir='ltr'>ad</span> <span class='ocrx_word' id='word_1_161' title='bbox 1051 1887 1330 1935; x_wconf 80' lang='lat' dir='ltr'>solvendam</span> <span class='ocrx_word' id='word_1_162' title='bbox 1358 1884 1726 1934; x_wconf 84' lang='lat' dir='ltr'>Pseudo-refor-</span> 
     </span>
     <span class='ocr_line' id='line_1_27' title="bbox 315 1953 1730 2012; baseline -0.001 -10"><span class='ocrx_word' id='word_1_163' title='bbox 315 1965 556 2010; x_wconf 82' lang='lat' dir='ltr'>matorum</span> <span class='ocrx_word' id='word_1_164' title='bbox 592 1955 925 2005; x_wconf 81' lang='lat' dir='ltr'>difficultatem</span> <span class='ocrx_word' id='word_1_165' title='bbox 960 1956 1215 2012; x_wconf 80' lang='lat' dir='ltr'>sufficiant,</span> <span class='ocrx_word' id='word_1_166' title='bbox 1264 1954 1401 2003; x_wconf 88' lang='lat' dir='ltr'>multi</span> <span class='ocrx_word' id='word_1_167' title='bbox 1443 1964 1605 2002; x_wconf 80' lang='lat' dir='ltr'>tamen</span> <span class='ocrx_word' id='word_1_168' title='bbox 1646 1953 1730 2001; x_wconf 81' lang='lat' dir='ltr'>ad-</span> 
     </span>
     <span class='ocr_line' id='line_1_28' title="bbox 317 2022 1731 2087; baseline -0.001 -18"><span class='ocrx_word' id='word_1_169' title='bbox 317 2023 457 2080; x_wconf 88' lang='lat' dir='ltr'>dunt,</span> <span class='ocrx_word' id='word_1_170' title='bbox 495 2033 543 2071; x_wconf 85' lang='lat' dir='ltr'>et</span> <span class='ocrx_word' id='word_1_171' title='bbox 569 2025 765 2087; x_wconf 87' lang='lat' dir='ltr'>quidem</span> <span class='ocrx_word' id='word_1_172' title='bbox 791 2026 979 2082; x_wconf 83' lang='lat' dir='ltr'>merito,</span> <span class='ocrx_word' id='word_1_173' title='bbox 1024 2022 1316 2087; x_wconf 84' lang='lat' dir='ltr'>Gregorium</span> <span class='ocrx_word' id='word_1_174' title='bbox 1352 2022 1591 2070; x_wconf 83' lang='lat' dir='ltr'>seniorum</span> <span class='ocrx_word' id='word_1_175' title='bbox 1617 2030 1731 2069; x_wconf 82' lang='lat' dir='ltr'>ante</span> 
     </span>
     <span class='ocr_line' id='line_1_29' title="bbox 320 2090 1732 2157; baseline -0.001 -20"><span class='ocrx_word' id='word_1_176' title='bbox 320 2091 655 2156; x_wconf 78' lang='lat' dir='ltr'>episcopatum</span> <span class='ocrx_word' id='word_1_177' title='bbox 682 2093 907 2156; x_wconf 69' lang='lat' dir='ltr'>genuisse</span> <span class='ocrx_word' id='word_1_178' title='bbox 934 2093 1228 2157; x_wconf 81' lang='lat' dir='ltr'>Gregorium</span> <span class='ocrx_word' id='word_1_179' title='bbox 1267 2101 1438 2155; x_wconf 80' lang='lat' dir='ltr'>postea</span> <span class='ocrx_word' id='word_1_180' title='bbox 1463 2090 1732 2138; x_wconf 78' lang='lat' dir='ltr'>Nazianze-</span> 
     </span>
     <span class='ocr_line' id='line_1_30' title="bbox 320 2155 1729 2224; baseline -0.004 -18"><span class='ocrx_word' id='word_1_181' title='bbox 320 2175 468 2216; x_wconf 82' lang='lat' dir='ltr'>num3</span> <span class='ocrx_word' id='word_1_182' title='bbox 503 2159 621 2208; x_wconf 76' lang='lat' dir='ltr'>alios</span> <span class='ocrx_word' id='word_1_183' title='bbox 645 2177 760 2209; x_wconf 87' lang='lat' dir='ltr'>vero</span> <span class='ocrx_word' id='word_1_184' title='bbox 787 2161 1051 2224; x_wconf 61' lang='lat' dir='ltr'>Epist-opos</span> <span class='ocrx_word' id='word_1_185' title='bbox 1091 2175 1295 2222; x_wconf 86' lang='lat' dir='ltr'>quorum</span> <span class='ocrx_word' id='word_1_186' title='bbox 1334 2158 1561 2220; x_wconf 82' lang='lat' dir='ltr'>exempla</span> <span class='ocrx_word' id='word_1_187' title='bbox 1592 2155 1729 2203; x_wconf 87' lang='lat' dir='ltr'>nobis</span> 
     </span>
     <span class='ocr_line' id='line_1_31' title="bbox 321 2222 1731 2291; baseline -0.004 -17"><span class='ocrx_word' id='word_1_188' title='bbox 321 2239 591 2290; x_wconf 87' lang='lat' dir='ltr'>opponunt,</span> <span class='ocrx_word' id='word_1_189' title='bbox 625 2227 878 2276; x_wconf 80' lang='lat' dir='ltr'>retinuisse</span> <span class='ocrx_word' id='word_1_190' title='bbox 903 2228 1098 2291; x_wconf 86' lang='lat' dir='ltr'>quidem</span> <span class='ocrx_word' id='word_1_191' title='bbox 1118 2243 1228 2274; x_wconf 83' lang='lat' dir='ltr'>suas</span> <span class='ocrx_word' id='word_1_192' title='bbox 1252 2242 1429 2274; x_wconf 85' lang='lat' dir='ltr'>uxores</span> <span class='ocrx_word' id='word_1_193' title='bbox 1453 2235 1561 2288; x_wconf 87' lang='lat' dir='ltr'>post</span> <span class='ocrx_word' id='word_1_194' title='bbox 1587 2222 1731 2270; x_wconf 80' lang='lat' dir='ltr'>Ordi-</span> 
     </span>
     <span class='ocr_line' id='line_1_32' title="bbox 246 2295 1731 2357; baseline -0.002 -16"><span class='ocrx_word' id='word_1_195' title='bbox 246 2304 249 2305; x_wconf 72' lang='grc'>’</span> <span class='ocrx_word' id='word_1_196' title='bbox 323 2295 585 2352; x_wconf 83' lang='lat' dir='ltr'>nationem,</span> <span class='ocrx_word' id='word_1_197' title='bbox 621 2296 708 2345; x_wconf 84' lang='lat' dir='ltr'>sed</span> <span class='ocrx_word' id='word_1_198' title='bbox 731 2295 824 2345; x_wconf 87' lang='lat' dir='ltr'>illis</span> <span class='ocrx_word' id='word_1_199' title='bbox 849 2313 944 2344; x_wconf 90' lang='lat' dir='ltr'>non</span> <span class='ocrx_word' id='word_1_200' title='bbox 975 2312 1080 2344; x_wconf 88' lang='lat' dir='ltr'>esse</span> <span class='ocrx_word' id='word_1_201' title='bbox 1106 2311 1233 2350; x_wconf 86' lang='lat' dir='ltr'>usos,</span> <span class='ocrx_word' id='word_1_202' title='bbox 1269 2295 1532 2357; x_wconf 83' lang='lat' dir='ltr'>pluresque</span> <span class='ocrx_word' id='word_1_203' title='bbox 1567 2307 1731 2340; x_wconf 79' lang='lat' dir='ltr'>eorem</span> 
     </span>
     <span class='ocr_line' id='line_1_33' title="bbox 313 2359 1382 2420; baseline -0.004 -8"><span class='ocrx_word' id='word_1_204' title='bbox 313 2363 548 2413; x_wconf 70' lang='lat' dir='ltr'>habuisse</span> <span class='ocrx_word' id='word_1_205' title='bbox 571 2364 712 2420; x_wconf 86' lang='lat' dir='ltr'>filios,</span> <span class='ocrx_word' id='word_1_206' title='bbox 742 2365 835 2418; x_wconf 62' lang='lat' dir='ltr'>,sed</span> <span class='ocrx_word' id='word_1_207' title='bbox 858 2375 970 2415; x_wconf 82' lang='lat' dir='ltr'>ante</span> <span class='ocrx_word' id='word_1_208' title='bbox 997 2359 1382 2412; x_wconf 84' lang='lat' dir='ltr'>Ordinationem.</span> 
     </span>
    </p>
   </div>
   <div class='ocr_carea' id='block_1_3' title="bbox 633 2479 1464 2566">
    <p class='ocr_par' dir='ltr' id='par_1_5' title="bbox 633 2479 1464 2566">
     <span class='ocr_line' id='line_1_34' title="bbox 633 2479 1464 2566; baseline -0.01 -16"><span class='ocrx_word' id='word_1_209' title='bbox 633 2501 812 2566; x_wconf 65' lang='lat' dir='ltr'>Satifflt</span> <span class='ocrx_word' id='word_1_210' title='bbox 848 2498 1080 2550; x_wconf 73' lang='lat' dir='ltr'>nonnullis</span> <span class='ocrx_word' id='word_1_211' title='bbox 1118 2479 1464 2565; x_wconf 44' lang='grc' dir='ltr'>Ἰᾳιιαίςιῑἱοηὲὦτωκ</span> 
     </span>
    </p>
   </div>
   <div class='ocr_carea' id='block_1_4' title="bbox 316 2628 1736 2903">
    <p class='ocr_par' dir='ltr' id='par_1_6' title="bbox 316 2628 1734 2835">
     <span class='ocr_line' id='line_1_35' title="bbox 400 2628 1732 2690; baseline -0.007 -5"><span class='ocrx_word' id='word_1_212' title='bbox 400 2634 605 2685; x_wconf 58' lang='lat' dir='ltr'>Quaeres.</span> <span class='ocrx_word' id='word_1_213' title='bbox 649 2638 726 2690; x_wconf 66' lang='lat'>10:</span> <span class='ocrx_word' id='word_1_214' title='bbox 768 2646 925 2687; x_wconf 82' lang='lat' dir='ltr'>utrum</span> <span class='ocrx_word' id='word_1_215' title='bbox 970 2633 1147 2687; x_wconf 88' lang='lat' dir='ltr'>Clerici</span> <span class='ocrx_word' id='word_1_216' title='bbox 1188 2630 1235 2680; x_wconf 86' lang='lat' dir='ltr'>in</span> <span class='ocrx_word' id='word_1_217' title='bbox 1274 2630 1422 2680; x_wconf 86' lang='lat' dir='ltr'>sacris</span> <span class='ocrx_word' id='word_1_218' title='bbox 1471 2628 1732 2680; x_wconf 81' lang='lat' dir='ltr'>Ordinibus</span> 
     </span>
     <span class='ocr_line' id='line_1_36' title="bbox 316 2695 1734 2768; baseline -0.006 -18"><span class='ocrx_word' id='word_1_219' title='bbox 316 2703 579 2757; x_wconf 64' lang='lat' dir='ltr'>‚constituti</span> <span class='ocrx_word' id='word_1_220' title='bbox 618 2704 729 2768; x_wconf 85' lang='lat' dir='ltr'>lege</span> <span class='ocrx_word' id='word_1_221' title='bbox 770 2704 930 2753; x_wconf 85' lang='lat' dir='ltr'>divina</span> <span class='ocrx_word' id='word_1_222' title='bbox 971 2704 1045 2751; x_wconf 86' lang='lat' dir='ltr'>vel</span> <span class='ocrx_word' id='word_1_223' title='bbox 1081 2698 1349 2766; x_wconf 82' lang='lat' dir='ltr'>apostolica</span> <span class='ocrx_word' id='word_1_224' title='bbox 1384 2707 1639 2748; x_wconf 82' lang='lat' dir='ltr'>teneantur</span> <span class='ocrx_word' id='word_1_225' title='bbox 1671 2695 1734 2743; x_wconf 73' lang='lat' dir='ltr'>ad</span> 
     </span>
     <span class='ocr_line' id='line_1_37' title="bbox 318 2771 1030 2835; baseline 0.004 -19"><span class='ocrx_word' id='word_1_226' title='bbox 318 2781 615 2835; x_wconf 43' lang='lat' dir='ltr'>‚perpetuam</span> <span class='ocrx_word' id='word_1_227' title='bbox 642 2771 1030 2819; x_wconf 77' lang='lat' dir='ltr'>continentiam?</span> 
     </span>
    </p>

    <p class='ocr_par' dir='ltr' id='par_1_7' title="bbox 401 2831 1736 2903">
     <span class='ocr_line' id='line_1_38' title="bbox 401 2831 1736 2903; baseline -0.005 -16"><span class='ocrx_word' id='word_1_228' title='bbox 401 2840 463 2887; x_wconf 83' lang='lat' dir='ltr'>R.</span> <span class='ocrx_word' id='word_1_229' title='bbox 495 2856 594 2888; x_wconf 78' lang='lat' dir='ltr'>cum</span> <span class='ocrx_word' id='word_1_230' title='bbox 619 2839 772 2888; x_wconf 80' lang='lat' dir='ltr'>multis</span> <span class='ocrx_word' id='word_1_231' title='bbox 802 2838 1043 2903; x_wconf 71' lang='lat' dir='ltr'>leeologis</span> <span class='ocrx_word' id='word_1_232' title='bbox 1063 2844 1223 2887; x_wconf 80' lang='lat' dir='ltr'>contra</span> <span class='ocrx_word' id='word_1_233' title='bbox 1258 2837 1476 2901; x_wconf 77' lang='lat' dir='ltr'>quosdam</span> <span class='ocrx_word' id='word_1_234' title='bbox 1500 2831 1614 2882; x_wconf 78' lang='lat' dir='ltr'>alios</span> <span class='ocrx_word' id='word_1_235' title='bbox 1636 2844 1736 2876; x_wconf 83' lang='lat' dir='ltr'>coe·</span> 
     </span>
    </p>
   </div>
   <div class='ocr_carea' id='block_1_5' title="bbox 333 2897 1737 3012">
    <p class='ocr_par' dir='ltr' id='par_1_8' title="bbox 333 2897 1737 3012">
     <span class='ocr_line' id='line_1_39' title="bbox 333 2897 1735 2962; baseline -0.008 -9"><span class='ocrx_word' id='word_1_236' title='bbox 333 2907 534 2962; x_wconf 73' lang='lat' dir='ltr'>libatum</span> <span class='ocrx_word' id='word_1_237' title='bbox 576 2907 722 2957; x_wconf 81' lang='lat' dir='ltr'>sacris</span> <span class='ocrx_word' id='word_1_238' title='bbox 749 2905 1013 2956; x_wconf 83' lang='lat' dir='ltr'>Ordinibus</span> <span class='ocrx_word' id='word_1_239' title='bbox 1050 2919 1308 2961; x_wconf 80' lang='lat' dir='ltr'>annexum,</span> <span class='ocrx_word' id='word_1_240' title='bbox 1344 2919 1437 2952; x_wconf 87' lang='lat' dir='ltr'>nec</span> <span class='ocrx_word' id='word_1_241' title='bbox 1479 2918 1507 2950; x_wconf 77' lang='lat' dir='ltr'><strong>a</strong></span> <span class='ocrx_word' id='word_1_242' title='bbox 1542 2897 1735 2948; x_wconf 81' lang='lat' dir='ltr'>Christo</span> 
     </span>
     <span class='ocr_line' id='line_1_40' title="bbox 1643 2980 1737 3012; baseline -0.021 0"><span class='ocrx_word' id='word_1_243' title='bbox 1643 2980 1737 3012; x_wconf 84' lang='lat' dir='ltr'>nee</span> 
     </span>
    </p>
   </div>
  </div>
 </body>
</html>
