1852 3250
646 164 742 211 DE
782 163 1075 211 ORDINE.
1501 164 1567 210 939

152 301 373 365 profecto
413 299 608 348 fuerunt
656 298 970 346 institutionis
1017 296 1218 352 divinae;
1271 307 1320 345 et
1366 296 1413 344 in
1462 297 1575 347 aliis*

156 370 396 433 Operibus
422 384 517 414 non
542 383 650 414 raro
676 383 841 414 eorum
869 365 1026 414 officia
1050 336 1261 413 extollit.

223 437 323 498 Obj.
359 442 439 485 40.
476 437 720 513 Damasus
761 436 894 498 Papa
936 433 1088 497 Epist.
1125 437 1172 481 5.
1236 432 1435 481 Ordznes
1457 442 1566 482 sunt

150 505 239 552 duo
263 511 444 552 tantum
460 503 611 566 primi
632 521 682 551 m
707 503 932 558 Ecclesia,
976 503 1029 551 id
1057 509 1138 559 est,
1166 500 1498 565 Apostolorum
1521 511 1567 550 et

149 573 449 637 septuaginta
475 570 849 634 Discipulorum.
916 571 1067 634 Ergo,
1105 575 1203 617 &c.

215 642 277 688 R.
308 642 436 688 Dato
461 641 583 689 duos
599 656 705 687 esse
724 650 911 688 tanturn
936 639 1146 688 Ordines
1166 637 1361 702 primos,
1387 653 1566 701 nempe

148 707 503 771 Episcoporum
546 717 596 755 et
633 709 1065 773 Praesbyterorum‚
1103 724 1200 754 non
1238 706 1352 754 inde
1396 722 1566 754 conse-

147 793 297 837 quens
323 777 542 826 estalium
563 792 659 822 non
676 792 782 824 esse
803 776 1041 824 Ordinum
1064 776 1144 839 qui
1165 774 1346 834 nonsit
1366 774 1565 837 primus,

144 844 232 891 sed
257 845 337 906 qui
378 861 462 893 eos
499 843 708 893 Ordines
745 845 1087 907 subsequatur,
1125 842 1278 906 qualis
1304 853 1375 890 est
1403 841 1568 891 diaco-

149 922 310 960 natuS.

216 981 318 1042 Ohj.
341 984 422 1029 50.
459 983 792 1043 Quaecumque
817 980 937 1028 facit
963 979 1232 1037 Diaconos,
1269 978 1430 1027 valide
1456 977 1571 1026 Lai-

146 1065 233 1099 cus
255 1049 418 1097 facere
453 1060 631 1113 potest,
670 1062 721 1096 ut
750 1049 1068 1126 Evangelium
1119 1058 1339 1123 cantare,
1374 1047 1570 1095 Eucha-

146 1116 328 1165 ristiam
354 1118 675 1165 distribuere:
712 1118 844 1180 atqui
871 1118 938 1165 ita
975 1134 1073 1164 non
1116 1127 1266 1169 esset,
1304 1115 1342 1162 si
1369 1116 1570 1163 charac-

144 1186 298 1233 terem
323 1185 647 1249 imprimeret;
684 1186 935 1234 character
950 1186 1077 1233 enirn
1103 1185 1182 1248 qui
1203 1186 1263 1232 ab
1281 1184 1569 1247 episcopatu

146 1254 223 1301 vel
249 1255 601 1318 praesbyteratu
647 1253 953 1316 imprimitur,
991 1254 1061 1301 sic
1087 1265 1161 1301 est
1185 1251 1489 1300 necessarius
1516 1263 1571 1299 ut

147 1322 249 1369 sine
274 1321 358 1369 illo
384 1337 478 1370 nec
502 1321 636 1370 licite
661 1338 754 1370 nec
793 1322 940 1379 etiam
964 1322 1123 1370 valide
1158 1338 1233 1369 res
1258 1320 1364 1368 fieri
1396 1320 1570 1384 possit,

148 1406 193 1436 v.
218 1406 267 1451 g,
304 1390 561 1437 Ordinatio
593 1390 821 1437 conferri.

214 1458 277 1505 R.
315 1457 433 1503 nihil
458 1468 623 1512 vetare
649 1458 922 1520 quominuS,
961 1458 1081 1505 Deo
1097 1456 1166 1505 ita
1193 1445 1411 1515 volente,
1449 1455 1567 1513 cha-⁸

145 1535 306 1572 racter
331 1535 649 1589 lmprlmatul',
674 1535 727 1572 Ut
752 1541 829 1573 reS
852 1523 986 1573 ilClte
1010 1541 1068 1573 ac
1086 1525 1251 1586 majorl
1277 1541 1386 1572 cum
1414 1535 1572 1586 gratia
1639 1567 1641 1569 .

148 1592 251 1642 fieri
275 1594 483 1657 possint.
556 1592 637 1641 Sic
675 1593 931 1641 character
976 1593 1025 1639 in
1043 1637 1047 1640 ⁴
1066 1592 1446 1653 Confirmatione
1487 1609 1570 1641 ac-

152 1671 325 1724 ceptus
351 1662 497 1709 efficit
521 1671 576 1709 ut
618 1661 723 1725 quis
759 1660 912 1724 magis
953 1661 1195 1724 intrepide
1221 1660 1391 1720 Fidem
1426 1661 1572 1723 profi-

151 1739 328 1786 teatur,
367 1730 583 1792 quamvis
622 1729 724 1786 fieri
751 1730 903 1793 possit
927 1740 981 1778 ut.
1006 1730 1109 1792 quis
1128 1730 1412 1776 charactere
1432 1731 1570 1790 ⁸Con-

148 1797 429 1849 firmationis
449 1814 545 1845 non
569 1797 825 1860 insignitus
849 1798 1017 1845 Fidem
1037 1807 1233 1856 strenue
1269 1798 1571 1860 profiteatur.

224 1867 416 1922 Quem-es
440 1883 501 1914 an
538 1866 600 1914 de
641 1866 757 1913 Fide
795 1866 856 1913 sit
897 1867 1207 1914 diaconatum
1248 1881 1354 1915 esse
1400 1866 1571 1913 Sacra-

148 1944 386 1983 mentum.

217 2003 281 2049 P.
310 2002 575 2059 Gonetum‚
614 2001 892 2059 Vitassium,
931 2012 980 2049 et
1007 2001 1278 2063 quosdam
1282 1981 1401 2049 alios
1442 2017 1572 2049 asse-

149 2085 257 2117 rere
297 2070 585 2117 sententiam
625 2070 915 2129 contrariam
964 2086 1069 2118 esse
1112 2070 1435 2126 temerariam,
1471 2070 1571 2116 imo

151 2154 421 2185 erroneam.
490 2137 674 2186 Verum
712 2138 926 2202 asperior
973 2139 1077 2186 haec
1114 2154 1323 2186 censura
1356 2138 1568 2195 videtur,

153 2207 225 2252 1⁰.
244 2206 357 2269 quia
375 2205 513 2253 multi
536 2223 635 2253 non
652 2206 836 2254 rinfimae
854 2215 983 2254 notae
999 2206 1257 2271 Theologi,
1285 2206 1575 2265 Durandus,

149 2275 428 2335 Cajetanus‚
447 2274 791 2333 5Maldonatus,
837 2274 1126 2323 Franciscus
1162 2291 1192 2322 a
1217 2274 1438 2322 Victoria
1460 2291 1568 2322 eam

104 2406 107 2407 ⁷
150 2344 425 2404 opinionem
448 2352 724 2400 tenuerunt.
766 2344 845 2390 20.
872 2344 999 2397 Quia
1017 2359 1113 2390 non
1137 2341 1230 2390 fuit
1255 2358 1487 2406 expresse
1507 2344 1568 2390 ab

152 2410 380 2458 Ecclesia
424 2410 676 2458 definitum
703 2411 1012 2459 diaconatum
1050 2426 1156 2458 esse
1185 2410 1571 2473 Sacramentum,

149 2479 365 2541 quamvis
391 2495 420 2526 a
445 2478 632 2526 Concil.
654 2479 791 2526 Trid.
815 2479 1068 2527 definitum
1092 2480 1154 2526 sit
1173 2478 1335 2526 divina
1360 2479 1568 2528 Ordina-

153 2546 283 2595 tione
321 2546 592 2594 institutum
632 2563 738 2595 esse
777 2547 1097 2595 hierarchiam
1135 2563 1242 2609 quae
1279 2557 1468 2594 constat
1505 2562 1571 2594 ex

151 2611 418 2676 Episcopis,
442 2614 754 2678 Praesbyteris
780 2626 830 2663 et
857 2615 1114 2668 Ministris.
1151 2620 1232 2662 30.
1260 2614 1388 2668 Quia
1407 2615 1568 2662 Theo-

149 2680 249 2742 logi
273 2683 420 2744 vulgo
445 2693 647 2738 censent
667 2683 902 2749 probabile
924 2684 1105 2748 quidem
1128 2699 1225 2732 esse
1248 2684 1570 2732 Diaconorum

156 2748 506 2798 ordinationem
545 2768 641 2801 esse
679 2754 1041 2808 Sacramentum,
1086 2750 1297 2816 quamvis
1320 2751 1374 2800 id
1396 2758 1568 2800 certum

153 2833 244 2864 non
268 2816 329 2864 sit
351 2833 405 2865 ex
429 2819 560 2899 Fide.
630 2819 795 2868 Verba
817 2829 931 2869 sunt
958 2818 1255 2868 Bellarmini.

1144 3012 1567 3062 PROPOSITIO
