1846 3250
278 164 384 215 3ἓὸ
797 164 1229 215 TRACTATUS
1288 171 1297 175 “

350 299 413 348 R.
451 297 526 344 2⁰·
553 303 700 360 juxta
723 309 1012 359 praesentem
1039 299 1276 349 Ecclesiae
1316 299 1475 348 latinae
1500 301 1711 367 discipli-

281 382 408 422 nam,
469 382 580 428 quae
632 376 847 413 veterem
901 367 1165 421 restrinxit,
1233 368 1589 416 matrimonium
1660 371 1710 416 in

282 433 412 480 linea
437 433 705 480 collaterali
743 433 805 479 ad
847 443 1073 495 quartum
1115 434 1355 483 affinitatis
1398 437 1603 498 gradum
1636 436 1711 484 in-

274 499 468 547 clusive
492 515 585 547 nec
612 499 738 547 ultra
762 499 936 557 dirimi,
975 516 1083 547 cum
1112 501 1173 550 de
1209 503 1552 564 conjunctione
1578 503 1713 551 licita

281 567 457 629 agitur.
530 568 607 614 Ita
631 566 883 615 definitum
910 580 983 614 est
1008 584 1037 614 a
1063 569 1285 616 Concilio
1312 569 1628 618 Lateranensi
1664 576 1712 617 4.

283 650 393 697 cap.
437 635 548 683 Non.
574 633 719 682 debet.
809 633 943 681 Hinc
993 635 1191 681 maiitus
1245 635 1492 684 defunctae
1543 637 1711 686 uxoris

266 700 691 764 consanguineam
749 700 797 747 in
860 711 1032 763 quarto
1077 702 1151 748 vel
1213 703 1496 764 proximiori
1555 704 1710 767 gradu

283 783 382 814 non
417 778 583 833 potest
615 767 718 815 sine
773 768 1150 845 dispensatione
1188 769 1237 814 in
1282 776 1542 832 conjugem
1577 787 1711 818 assu

285 840 445 892 mere3
483 836 712 898 idemque
749 834 810 882 de
862 851 1017 882 uxore
1061 835 1268 882 vicissim
1323 836 1584 884 dicendum
1638 842 1715 886 est

282 911 512 965 respectu
539 901 1013 964 consanguineorum
1039 903 1197 950 mariti
1216 902 1461 951 defuncti.
1688 921 1692 925 ’

352 972 415 1017 R.
442 973 523 1016 30·
547 970 595 1015 in
621 970 792 1016 eadem
819 969 948 1016 linea
972 969 1256 1025 collaterali,
1286 970 1366 1018 ubi
1393 970 1455 1018 de
1480 975 1714 1032 conjunc-

284 1036 424 1091 tione>
458 1036 626 1084 illicita
662 1036 838 1098 agitur,
876 1035 1157 1083 affinitatem
1196 1037 1258 1083 ad
1299 1038 1567 1085 secundum
1605 1055 1715 1101 gra-

285 1104 401 1151 dum
423 1103 574 1152 fuisse
598 1119 627 1150 a
652 1103 874 1151 Concilio
903 1103 1036 1150 Trid.
1066 1103 1355 1163 restrictam,
1383 1120 1499 1153 sess.
1528 1107 1606 1153 24.
1644 1106 1707 1153 de

287 1170 506 1218 Reform.
530 1187 641 1232 cap.
668 1173 715 1216 4.
1366 1209 1371 1219 x

300 1250 312 1261 ¹
358 1238 547 1293 Quaeres
575 1241 652 1284 30·
686 1252 746 1284 an
783 1235 1142 1287 matrimonium
1180 1248 1586 1292 consummatum,
1622 1239 1710 1286 sed

284 1304 493 1351 invalide
531 1312 854 1360 contractum,
914 1304 1116 1351 inducat
1158 1304 1437 1352 affinitatem
1475 1305 1536 1353 ad
1573 1320 1712 1369 quar-

286 1383 388 1419 tum
414 1371 650 1419 inclusive
676 1371 880 1433 gradum
902 1372 918 1418 ?
1413 1406 1427 1414 t

353 1439 418 1486 R.
454 1439 827 1504 distinguendum
866 1455 975 1486 esse.
1060 1438 1153 1486 Vel
1191 1437 1317 1491 enim
1355 1438 1712 1493 matrimonium

285 1506 520 1567 ejusmodi
557 1515 863 1555 contractum
911 1505 1006 1552 fuit
1056 1522 1119 1553 ex
1173 1506 1299 1553 mala
1356 1506 1452 1553 fide
1488 1516 1537 1554 et
1598 1522 1709 1553 cum

283 1572 486 1621 scIentia
523 1572 861 1634 impedimenti
917 1572 1202 1629 dirimentis,
1239 1573 1313 1620 vel
1351 1574 1480 1621 bona
1512 1573 1609 1621 fide
1646 1589 1710 1620 ex

284 1640 559 1702 ignorantia
591 1639 852 1700 inculpata.
947 1638 1026 1699 Si,
1057 1639 1204 1701 prius,
1256 1656 1351 1686 non
1384 1641 1579 1688 'videtur
1603 1640 1712 1687 ‘affi-

283 1706 447 1755 nitatis
473 1706 871 1768 impedimentum
916 1721 1023 1765 sese
1050 1706 1176 1752 ultra
1199 1706 1470 1753 secundum
1506 1708 1711 1769 gradum

285 1773 573 1830 extendere,
609 1772 721 1834 quia
753 1772 801 1818 in
825 1788 886 1819 eo
913 1788 1029 1819 casu
1054 1772 1256 1819 affinitas
1281 1790 1342 1820 ex
1367 1774 1710 1834 conjunctione

285 1841 454 1888 illicita
510 1841 748 1904 provenit.
844 1839 1001 1895 Idem,
1060 1855 1123 1886 ex
1181 1837 1404 1896 Giberto',
1444 1840 1707 1899 dicendum

286 1918 378 1966 est,
415 1908 454 1956 si
487 1917 651 1970 partes
687 1922 801 1954 cum
858 1905 1207 1969 impedimento
1266 1906 1357 1954 sibi
1410 1906 1604 1969 quidem
1643 1906 1713 1961 in,-

286 1975 487 2039 cognito
523 1973 875 2029 contraxerint,
930 1973 1015 2021 sed
1072 1982 1327 2020 consuetas
1372 1973 1588 2033 ejusdem
1624 1972 1711 2020 im-

228 2076 229 2080 =
282 2042 551 2107 pedimenti
576 2041 841 2104 detegendi
866 2041 983 2098 vias,
1009 2058 1053 2087 v.
1097 2057 1144 2103 g.
1193 2041 1459 2087 bannorum
1497 2041 1712 2116 promul-

284 2110 547 2174 gationem,
587 2108 912 2170 neglexerint.
1007 2107 1322 2156 Contrahitur
1348 2117 1509 2155 tamen
1535 2107 1581 2154 in
1606 2106 1709 2155 istis

285 2178 476 2226 casibus
513 2175 931 2239 impedimentum
974 2174 1240 2221 honestatis
1301 2175 1509 2237 publicae
1559 2190 1711 2237 usque

285 2245 349 2293 ad
384 2252 609 2308 quartum
647 2243 869 2305 gradum,
897 2253 948 2288 ut
984 2251 1128 2289 antea
1162 2240 1389 2289 diximus.
1463 2241 1513 2288 Si
1546 2251 1712 2304 poste-

284 2312 399 2369 rius,
436 2327 548 2358 cum
574 2309 776 2356 affinitas
801 2324 864 2354 ex
892 2307 1236 2368 conjunctione
1261 2307 1394 2354 licita
1419 2307 1710 2370 provenerit,

285 2379 346 2426 ad
373 2388 597 2443 quartum
626 2392 779 2438 usque
790 2374 1007 2451 gradum
1034 2389 1140 2421 sese
1167 2373 1437 2421 extendere
1461 2373 1669 2421 videtur.

360 2448 552 2502 Quoeres
576 2444 651 2489 4⁰·
685 2459 744 2490 an
770 2442 800 2487 ii
828 2441 910 2503 qui
952 2442 1165 2488 scienter
1206 2440 1538 2488 contrahunt
1527 2457 1574 2486 in
1603 2455 1712 2504 gra-

287 2514 428 2561 dibus
486 2510 739 2574 prohibitis
795 2508 1038 2557 affinitatis
1097 2516 1181 2555 aut
1262 2506 1712 2571 consanguinitatis,

286 2595 455 2643 poenas
479 2579 664 2642 aliquas
688 2575 973 2624 incurrant?
1582 2613 1587 2615 r

355 2648 421 2693 R.
459 2661 554 2691 non
592 2654 778 2691 tantum
816 2659 983 2691 eorum
1020 2641 1377 2689 matrimonium
1402 2656 1508 2689 esse
1544 2640 1709 2688 invali-

289 2715 423 2769 dum,
459 2727 518 2759 ac
555 2712 759 2774 proinde
795 2709 1094 2772 illegitimam
1133 2709 1317 2771 prolem
1355 2708 1469 2756 inde
1515 2722 1711 2769 suscep·-

290 2793 423 2836 tam,
443 2789 495 2826 et
530 2793 618 2840 pro
654 2777 908 2840 illegitima
943 2791 1048 2822 esse
1090 2775 1363 2838 habendam
1398 2776 1446 2821 in
1481 2774 1588 2822 foro
1625 2790 1727 2821 eit-⁷

290 2860 454 2902 terno,
484 2844 522 2892 si
547 2844 737 2891 notoria
768 2844 827 2890 sit
868 2842 1112 2890 affinitas
1100 2877 1113 2899 ,
1148 2843 1236 2890 sed
1276 2842 1473 2905 insuper
1513 2857 1596 2889 eos
1632 2851 1714 2888 ex·-
1758 2884 1763 2891 .

292 2911 800 2986 communicationem,
837 2925 933 2956 non
982 2918 1173 2956 tamen
1196 2921 1528 2967 reservatam,
1552 2909 1714 2959 ineun-

291 2997 415 3043 rere,
443 2996 505 3028 ex
534 2979 688 3027 Clem.
715 2977 858 3025 unica
881 2976 942 3025 de
971 2977 1296 3042 Consanguz’n.
1509 3041 1567 3098 Q
1692 3005 1693 3009 ,

1568 3056 1716 3090 uaeres
