1846 3250
638 192 734 242 DE
774 182 1069 241 ORDINE.
1493 194 1559 246 73

139 330 306 389 dictae,
343 334 480 392 cujus
504 327 729 377 infractio
754 328 1158 392 irregularitatem
1186 327 1433 393 importet,
1469 329 1560 377 sed

146 398 405 464 improprie
429 397 590 453 dictae,
616 414 725 461 quae
743 398 804 445 sit
824 398 1032 460 simplex
1057 412 1115 444 ac
1135 412 1267 444 mera
1283 395 1561 462 prohibitio.

149 466 523 530 Suspensionem
549 482 665 513 vero
701 482 730 514 a
768 466 969 529 praefata
994 465 1257 513 Abbatissa
1293 466 1439 514 latam
1464 480 1563 514 non

148 551 254 583 esse
277 534 639 598 suspensionem
678 534 872 597 proprie
898 532 1096 589 dictam,
1132 549 1221 581 seu
1246 538 1383 596 cujiis
1416 533 1562 582 viola-

148 603 215 650 tio
240 601 643 666 irregularitatem
668 602 874 657 inducit,
900 613 1036 665 patet
1060 617 1123 648 ex
1150 617 1209 649 eo
1235 601 1365 664 quod
1392 602 1566 649 Hono·

146 671 247 719 rius
285 670 482 718 mandet
517 669 701 717 Abbati
743 670 954 727 cuidam,
993 679 1047 717 ut
1077 669 1295 718 Clericos
1329 669 1389 717 ad
1424 671 1568 719 obse-

148 739 318 803 quium
360 739 474 786 huic
505 738 731 787 Abbatiss
712 755 775 786 0ae
817 738 1034 787 debitum
1077 737 1413 786 ecclesiastica
1451 754 1567 787 cen-

150 823 262 856 sura
287 807 565 869 compellat.

133 895 136 898 ·
219 875 357 923 Idem
383 875 641 923 dicendum
668 885 741 924 est
767 874 828 923 de
853 883 1096 938 potestate
1119 873 1169 921 in
1196 872 1472 937 Religiosos
1489 873 1565 923 sui

154 943 352 991 Ordinis
394 943 667 991 Abbatissae
707 944 873 991 Fontis
915 942 1122 990 Ebrardi
1156 943 1205 989 in
1231 942 1403 991 Galliis
1450 958 1567 991 con·-

149 1027 306 1068 cessa,
345 1027 453 1074 quae
475 1011 594 1058 nihil
617 1011 748 1060 aliud
774 1021 847 1060 est
870 1011 961 1059 nisi
994 1020 1210 1075 potestas
1235 1010 1566 1076 praecipiendi,

152 1079 459 1144 prohibendi,
497 1096 605 1144 quae
639 1081 818 1128 nullam
848 1079 1239 1141 Jurisdictionem
1278 1078 1571 1129 ecclesiasti-

155 1164 264 1196 cam
288 1147 533 1212 importat.

591 1252 1020 1334 PRoPosrrIo
1056 1284 1131 1334 Π.

163 1420 474 1469 probabilius
513 1428 582 1468 est
613 1436 819 1483 prorsus
856 1437 951 1467 esse
990 1420 1175 1467 nullam
1214 1420 1572 1469 ordinationem

227 1487 506 1553 infantibus,
559 1489 770 1535 nondum
814 1490 1018 1536 rationis
1063 1504 1203 1535 usum
1246 1490 1447 1555 adeptis,
1500 1488 1576 1537 vel

222 1556 484 1604 amentibus
513 1557 691 1603 datam.

228 1693 335 1741 Ita
350 1691 630 1750 Dumndus,
687 1691 942 1741 Turnelius
991 1700 1162 1741 contra
1208 1692 1361 1740 multo
1409 1693 1572 1757 plures

161 1761 279 1809 alios
337 1760 418 1825 qui
475 1761 682 1808 validam
740 1777 881 1809 esse
905 1759 1138 1823 ejusmodi
1200 1760 1573 1809 ordinationem

164 1839 351 1893 putant.
424 1829 503 1877 Ex
538 1828 594 1876 iis
631 1839 794 1876 tamen
828 1829 1046 1876 nonnulli
1081 1829 1415 1893 episcopatum
1442 1828 1578 1877 exci-

158 1897 312 1961 piutit.

230 1965 381 2013 Proh.
419 1968 478 2013 10·
514 1963 627 2027 quia
649 1980 741 2011 nec
765 1963 813 2010 in
842 1962 1102 2028 Scripturis
1125 1980 1218 2012 nec
1253 1964 1299 2010 in
1327 1974 1431 2012 toto
1457 1964 1576 2012 Tra-

163 2031 359 2079 ditionis
392 2033 601 2079 decursu
641 2031 791 2079 ullum
828 2032 1069 2096 reperitur
1109 2031 1345 2095 eiusmodi
1372 2032 1580 2081 Ordina-

164 2100 307 2148 tionis
333 2100 630 2163 exemplum.

234 2170 300 2214 20·
338 2167 419 2216 Ad
443 2167 801 2245 susceptionem
843 2168 1045 2231 alicujus
1073 2168 1375 2218 Sacramenti
1416 2168 1579 2233 requi-

166 2236 288 2283 ritnr
327 2235 531 2299 propria
564 2235 769 2284 intentio
809 2236 1134 2301 suscipientis,
1172 2237 1210 2284 si
1250 2238 1311 2285 sit
1350 2236 1578 2291 adultus;

166 2304 241 2351 vel
282 2305 438 2352 aliena
479 2313 528 2352 et
569 2303 935 2368 interpretativa
981 2305 1233 2362 Ecclesiae,
1270 2305 1495 2352 nimirum
1542 2304 1584 2353 si

166 2372 393 2436 parvulus
416 2372 476 2419 sit
502 2381 585 2420 aut
609 2388 788 2420 amens.
861 2373 1042 2436 Atqui
1032 2390 1079 2419 in
1114 2374 1315 2449 parvulo
1343 2366 1581 2428 Ordines;

168 2439 463 2504 suscipiente
487 2457 579 2488 nec
604 2440 844 2504 reperitur
868 2440 1073 2488 intentio
1096 2441 1306 2504 propria,
1330 2457 1440 2489 cum
1465 2457 1585 2488 non·

169 2507 506 2556 dumi-ationis
530 2524 668 2556 usum
693 2509 903 2564 habeat;
938 2524 1031 2556 nec
1055 2509 1214 2556 aliena
1240 2518 1323 2556 aut
1348 2508 1586 2573 interpre-

172 2576 337 2633 tavita,
375 2593 486 2623 cum
512 2576 737 2625 Ecclesia
761 2576 939 2623 nedum
987 2577 1162 2624 talibus
1190 2576 1587 2626 Ordinationibus

154 2643 459 2701 consentiat,
513 2645 674 2707 potius
723 2644 1024 2692 contradicat
1076 2660 1134 2692 ac
1193 2646 1480 2700 reluctetur,
1533 2654 1588 2692 ut

150 2719 310 2772 patet
333 2711 471 2758 variis
498 2711 777 2759 Canonibus
803 2713 885 2775 qui
910 2722 1123 2772 aetatem,
1160 2713 1429 2769 scientiam,
1477 2727 1593 2777 pro·

172 2778 373 2824 bitatem
411 2778 459 2825 in
485 2780 779 2827 Ordinandis
821 2781 1090 2844 requirunt.
1157 2780 1236 2829 Ita
1275 2780 1590 2830 ratiocinatur

177 2845 436 2893 Turnelius
460 2858 569 2909 post
594 2847 899 2897 Durandum.

148 2926 151 2930 ·
245 2916 309 2959 30·
347 2912 565 2961 Alterius
601 2916 838 2978 opinionis
874 2915 1188 2972 Defensores,
1237 2916 1409 2965 saltem
1449 2913 1593 2979 pleri-

150 2996 292 3043 ·que,
318 2980 519 3043 ipseque
546 2981 610 3028 D.
636 2982 870 3039 Thomas,
893 2984 1109 3035 fatentur
1136 2984 1472 3047 episcopatum
1497 2997 1596 3031 non

153 3060 318 3113 *posse
342 3049 504 3112 pueris
536 3047 693 3098 valide
734 3051 963 3100 conferri.
1037 3052 1195 3116 Atqui
1231 3052 1364 3100 nulla
1403 3049 1597 3099 videtur

1487 3135 1594 3168 csse
