1846 3250
259 158 358 208 374
777 156 1209 213 TRACTATUS
1247 151 1249 153 ’

257 292 466 340 Senatus
506 289 789 339 Parisiensis
825 308 902 340 an.
950 295 1094 343 1692.
1131 292 1234 342 fieri
1287 291 1450 358 potest
1486 294 1548 344 de
1584 298 1716 346 solo*

255 372 497 407 consensu
521 358 553 406 J
559 358 712 406 udicis
741 359 885 423 Regii
926 360 1148 410 locorum
1192 361 1275 409 ubi
1302 373 1528 425 parentes
1554 380 1685 412 com-

255 434 524 483 morantur,
563 435 614 474 et
650 425 801 474 debet
834 427 1048 490 juridice
1099 428 1378 492 significari.
1465 432 1613 485 Quod
1647 433 1689 480 si

256 493 363 541 baec
399 494 631 556 neglecta
665 493 863 552 fuerint,
918 512 1015 543 non
1064 495 1274 544 invalida
1328 497 1525 560 quidem
1573 509 1687 547 sunt

258 560 583 617 matrimonia,
621 562 708 609 sed
745 562 1090 611 contrahentes
1141 563 1544 612 exhaeredationis
1587 582 1691 630 poe-

258 644 354 684 nae,
389 629 452 677 ex
509 628 699 676 Edictis
753 630 923 694 Regiis
977 630 1123 678 modo
1176 630 1335 678 citatis
1383 632 1688 681 solummodo

257 697 531 758 subjacent.
603 695 749 745 Unde
784 698 823 745 si
877 697 1003 745 filius
1057 707 1141 745 aut
1192 697 1290 745 filia
1342 715 1372 746 a
1407 700 1711 763 parentibus¹

258 779 396 828 spem
432 764 670 812 bonorum
708 764 890 812 nullam
928 765 1164 814 habentes
1201 782 1307 813 eam
1360 765 1690 822 denuntiatio-

257 847 372 879 nem
396 830 735 895 obsequiosam
764 832 1030 890 omiserint,
1068 842 1232 896 potest
1265 833 1533 892 Parochus,
1571 834 1691 882 invi-

259 898 400 947 olatis
427 898 617 947 Edictis
654 898 840 971 Regiis,
877 899 1236 948 matrimonium
1279 901 1545 958 celebrare,
1583 918 1691 965 par·

260 966 481 1031 tiumque
519 961 911 1015 contrahentium
953 968 1117 1033 potius
1155 983 1300 1031 quam
1328 969 1566 1017 Ecclesiae
1593 970 1691 1017 Mi-

259 1034 519 1081 nistrorum
572 1043 646 1081 est
695 1033 743 1080 in
795 1050 854 1082 eo
914 1052 1031 1082 casu
1078 1051 1368 1083 consensum
1431 1046 1686 1099 parentum

248 1101 457 1164 juridice
495 1101 757 1164 requirere.
845 1103 1046 1152 Debent
1083 1113 1245 1150 tamen
1302 1103 1541 1151 Ecclesiae
1590 1105 1688 1151 Mi-

259 1168 414 1225 nistri,
448 1172 591 1231 juxta
633 1168 785 1216 multa
813 1169 1007 1217 Statura
1032 1170 1321 1225 dioecesana,
1357 1187 1465 1218 eam
1504 1171 1690 1220 denun-

259 1235 513 1284 tiationem
540 1251 569 1283 a
593 1233 702 1283 filiis
728 1235 886 1284 etiam·
912 1236 1029 1283 nihil
1064 1252 1100 1284 a
1137 1237 1420 1300 parentibus
1443 1240 1693 1300 ‘spei-anti.

258 1304 351 1352 bus
392 1302 657 1364 requirere.
732 1304 810 1351 Ita
846 1303 1091 1352 decidisse
1133 1304 1453 1352 Parisiensem
1495 1305 1691 1355 Officia-

260 1372 357 1421 lem
383 1370 535 1418 refert
560 1370 626 1417 D.
659 1371 810 1419 Thuet
834 1370 882 1416 in
909 1371 1103 1422 Libello
1128 1387 1206 1419 an.
1236 1373 1380 1425 1786.
1407 1372 1557 1422 edito.

332 1441 533 1488 Certum
572 1447 645 1485 est
683 1441 763 1486 50·
798 1438 922 1489 filios
959 1439 1105 1486 etiarn
1159 1439 1459 1501 trigesimum
1512 1456 1688 1487 annum

258 1506 485 1570 adeptos,
536 1504 626 1553 etsi
682 1515 791 1569 post
845 1523 1135 1554 consensum
1194 1518 1448 1570 parentum
1496 1506 1692 1570 scriptis

259 1584 487 1650 rogatum
511 1573 625 1635 lege
650 1573 859 1636 positiva
882 1590 979 1620 non
1021 1574 1372 1636 prohibeantur
1396 1591 1424 1622 a
1449 1575 1694 1623 matrimo-

260 1641 359 1697 nio,
397 1641 443 1686 in
483 1640 785 1688 conscientia
820 1651 982 1687 tamen
1019 1641 1139 1688 illud
1175 1657 1270 1687 non
1309 1657 1467 1703 posse
1498 1654 1691 1691 contra·

260 1709 396 1765 here,
433 1706 471 1755 si
501 1712 633 1768 justa
667 1706 728 1754 de
755 1723 903 1756 causa
939 1718 1166 1770 parentes
1191 1707 1443 1759 obsistant.
1542 1710 1689 1758 Ratio

262 1787 335 1826 est
369 1775 482 1839 quia
520 1784 748 1855 parentes
788 1784 1125 1831 contemnunt,
1163 1776 1582 1851 reverentiamque
1617 1777 1689 1838 ip-

259 1844 340 1891 sis
359 1859 388 1890 a
423 1842 549 1899 filiis,
587 1846 937 1904 cujuscumque
989 1842 1086 1891 sint
1140 1842 1310 1899 aetatis,
1347 1843 1561 1891 debitam
1610 1844 1691 1891 lae-

260 1911 401 1961 dunt.
1364 1936 1367 1938 >
1530 1948 1533 1950 -

328 1980 532 2028 Certum
559 1986 631 2024 est
658 1978 741 2024 60·
767 1975 1009 2038 vituperio
1041 1992 1156 2028 esse
1195 1975 1369 2040 dignos
1395 1993 1452 2024 ac
1477 1992 1687 2039 peccare

256 2057 502 2108 parentes,
531 2044 612 2108 qui
648 2044 752 2091 s'ine
778 2049 913 2107 justa
952 2060 1115 2100 causa,
1153 2060 1215 2091 ex
1256 2045 1434 2092 duritie
1465 2055 1548 2093 aut
1578 2061 1686 2093 ava-

259 2113 386 2170 ritia,
424 2112 653 2174 congruis
678 2127 736 2169 ac
762 2111 978 2159 honestis
1004 2128 1096 2159 nec
1123 2112 1221 2159 ulla
1257 2111 1398 2174 Lege
1435 2112 1688 2175 prohibitis

258 2181 468 2231 filiorum
496 2178 811 2226 matrimoniis
838 2195 1126 2229 eonsensum
1167 2178 1431 2241 denegant.
1525 2182 1690 2233 Quan-

250 2258 525 2310 tae-umque
562 2246 688 2293 enim
723 2246 783 2297 sit
824 2262 991 2292 eorum
1029 2246 1076 2291 in
1116 2246 1240 2294 filios
1272 2247 1552 2303 auctoritaS,
1590 2256 1686 2294 non

258 2325 423 2366 tamen
448 2323 620 2364 contra
645 2313 807 2375 Leges
820 2312 1074 2375 ‚aequitatis
1090 2328 1148 2359 ea
1175 2312 1242 2360 uti
1267 2312 1454 2359 licitum
1480 2323 1570 2361 est.

332 2383 525 2438 Quaeres
557 2384 635 2426 10·
673 2396 749 2437 an,
787 2390 925 2444 patre
974 2379 1060 2425 filii
1113 2378 1294 2441 nuptiis
1331 2379 1685 2437 consentiente,

256 2461 415 2498 matre
441 2464 555 2496 vero
581 2447 915 2504 dissentiente,
953 2457 1035 2495 aut
1062 2446 1170 2494 vice
1194 2462 1347 2504 versa,
1389 2447 1516 2496 filius
1553 2447 1688 2496 licite

259 2517 412 2581 possit
438 2514 794 2564 matrimonium
821 2515 1141 2562 contrahere
1131 2514 1155 2548 9
1560 2549 1564 2554 .

329 2583 397 2631 R.
433 2582 720 2630 reverentiae
755 2581 895 2630 matri
927 2582 1105 2629 debitae
1137 2581 1415 2639 convenire,
1454 2593 1504 2630 ut
1542 2583 1590 2629 in
1629 2597 1687 2631 eo

259 2632 378 2700 casu
413 2650 540 2697 filius
578 2652 730 2714 major
765 2650 867 2698 sive
919 2649 1074 2696 minor
1123 2665 1152 2696 a
1200 2651 1381 2712 nuptiis
1428 2649 1687 2705 abstineat,
1724 2678 1727 2681 κ

261 2730 319 2778 ut
353 2716 468 2765 satis
504 2727 694 2764 constat
730 2716 831 2764 sive
868 2733 933 2763 ex
975 2715 1197 2780 superius
1240 2714 1397 2775 disstissi
1433 2716 1534 2764 sive
1576 2718 1689 2782 quia

264 2775 464 2849 Regum
496 2794 771 2831 nostrerum
816 2784 994 2831 Edicta
1034 2799 1132 2830 non
1165 2784 1315 2845 patris
1360 2785 1689 2842 tantum,-sed

260 2854 412 2901 etiarn
460 2849 624 2898 matris
661 2866 952 2898 consensum
989 2850 1261 2914 requirunt.
1334 2851 1489 2899 Notat
1527 2861 1691 2902 tamen

266 2919 485 3000 Cantor
535 2917 909 2985 Andegavensis
954 2917 1006 2977 in
1055 2931 1115 2974 eo
1164 2934 1282 2977 casu
1346 2917 1512 2967 filium
1547 2924 1689 3032 [ulisse

1466 2986 1582 3035 abso
1606 2994 1686 3034 ute
