1846 3250
646 182 743 231 DE
780 179 1074 230 ORDINE.
1496 178 1590 225 173

176 321 266 369 sibi
294 321 586 384 prceposz'tus
608 316 780 381 faerit,
816 332 911 364 esse
954 316 1191 379 subsectoe,
1238 315 1309 361 ita
1353 309 1589 375 Fqn'scopi

178 391 395 436 noverint
431 403 478 434 se
523 387 678 447 mayis
716 385 1051 432 consuetudine
1097 398 1240 447 quam
1264 379 1589 445 dispositionis

175 458 421 503 dominieae
455 455 648 501 veritate
670 452 829 500 debere
850 451 1116 500 Eccleszam
1140 460 1313 512 reyere,
1350 448 1588 496 imitantes

175 523 403 585 Moysem,
462 523 548 585 qui
590 536 697 568 cum
743 520 930 567 haberet
971 520 1100 567 solus
1137 534 1339 581 proeesse
1398 515 1587 580 Populo

173 591 344 648 Israel,
379 592 680 654 septuaginta
701 589 839 651 eleqit
871 603 978 635 eum
1019 586 1192 651 quzbas
1226 584 1476 649 Populum
1496 585 1587 647 ju-

172 659 371 705 dicaret.

240 726 397 791 Epist.
429 728 535 774 101.
555 723 671 773 alias
698 719 778 774 85.
797 724 858 772 ad
878 722 1137 787 Evagrium
1158 737 1244 769 seu
1263 721 1593 785 Evangefflm,¹

171 792 220 840 in
264 808 362 857 qua
401 793 726 842 temeritatem
768 792 979 841 Diaconi
1024 789 1309 838 insolentius
1352 792 1584 838 adversus

172 861 502 928 Praesbyteros
525 877 632 909 sese
657 860 900 910 efferentis
925 859 1208 924 reprimens,
1245 858 1417 907 eadem
1442 871 1583 921 repe-

171 929 230 977 tit
255 947 342 995 pro
367 928 644 994 aequalitate
668 929 960 994 Praesbyteri
986 937 1036 976 et
1061 926 1295 991 Episcopi
1326 941 1584 990 argumen-

171 1008 236 1054 ta,
274 998 446 1076 quibus
475 997 639 1045 addit:
681 998 822 1051 Quod
857 1006 1013 1044 autem
1041 1004 1209 1058 postea
1256 1011 1383 1043 unns
1417 995 1590 1041 electus

174 1058 242 1112 cst
261 1082 346 1128 qua
370 1067 550 1114 caeteris
562 1072 939 1129 praeponeretur,
964 1067 1017 1111 in
1039 1062 1306 1111 schismatis
1329 1063 1584 1110 remedium

153 1133 349 1196 factum
372 1141 438 1181 est
443 1167 565 1183 ......
574 1132 706 1180 Nam
728 1142 771 1181 et
783 1132 1098 1180 Alemandriae
1116 1148 1148 1178 a
1166 1130 1341 1178 Marco
1357 1130 1587 1192 Evanqe

169 1201 283 1248 lista
306 1218 455 1265 usque
476 1203 546 1248 ad
567 1195 853 1249 Heracleam
891 1209 935 1248 et
964 1201 1260 1263 Dionysium
1301 1199 1586 1274 Episcopos,

168 1267 466 1335 Proesbyterz‘
487 1286 668 1333 semper
690 1287 841 1317 unum
864 1286 921 1316 etc
954 1286 1001 1316 se
1036 1268 1226 1315 electum
1251 1284 1304 1314 zn
1338 1267 1584 1315 excelsiori

166 1338 331 1398 qradu
351 1331 630 1384 collocatum
654 1336 952 1402 Episcopum
976 1336 1302 1393 nominabant,
1351 1336 1589 1399 quomodo

167 1406 211 1451 si
233 1407 462 1452 exercitus
484 1399 824 1477 Imperatorem
845 1405 1022 1470 faciat,
1058 1412 1147 1468 aut
1165 1403 1383 1451 Diaconi
1405 1403 1587 1464 eliqanc

167 1473 226 1518 de
265 1489 310 1519 se
334 1490 472 1537 quem
506 1469 798 1521 industrium
831 1475 1075 1529 noverint,
1096 1479 1140 1518 et
1171 1469 1588 1519 Arckzdiaconum

168 1549 341 1588 vocent.
420 1542 556 1600 Quid
575 1543 696 1588 enim
707 1542 852 1605 facit,
869 1549 1057 1603 eoecepta
1079 1541 1407 1595 Ordznatione,
1432 1537 1583 1601 Epis-
1585 1554 1589 1567 ²

166 1623 312 1671 copus
348 1611 479 1674 quod
507 1609 779 1672 Praesbyter
811 1625 906 1656 non
931 1608 1097 1672 faciat
1112 1608 1138 1654 ,9
1178 1607 1321 1657 Unde
1353 1607 1424 1654 sio
1464 1622 1582 1654 con-

165 1674 328 1724 ficitur
365 1685 722 1741 argumentum.
791 1676 869 1723 Ex
909 1677 959 1724 S.
985 1674 1307 1739 Hieronymo,
1343 1674 1470 1722 idem
1506 1685 1581 1722 est

166 1744 443 1810 Praesbyter
467 1744 549 1813 qui
591 1754 641 1792 et
666 1743 953 1808 Episcopus.
1029 1743 1163 1806 Ergo
1207 1742 1439 1808 Episcopi
1481 1759 1584 1791 non

164 1823 277 1859 sunt
291 1817 403 1875 jure
428 1812 589 1860 divino
615 1812 929 1876 Praesbyteris
952 1812 1242 1876 superiores.

232 1881 296 1928 R.
332 1882 485 1928 varias
532 1895 642 1929 esse
665 1880 1028 1943 Theologorum
1070 1879 1131 1926 de
1173 1878 1246 1925 his
1290 1877 1592 1941 Hieronymi-

169 1948 328 1995 verbis
354 1947 699 2015 expositiones.

232 2015 392 2063 Prima
417 2025 491 2063 est
517 2012 748 2073 Medinae,
788 2013 869 2078 qui
894 2014 977 2061 lib.
1009 2017 1057 2063 1.
1097 2013 1160 2062 de
1197 2030 1445 2063 sacrorum
1489 2015 1578 2063 ho*

162 2081 345 2130 minum
372 2083 560 2147 Origin.
595 2099 640 2131 c.
667 2086 713 2134 5.
748 2081 994 2131 existimat
1017 2098 1112 2130 non
1148 2083 1302 2131 solum
1329 2082 1580 2147 Hierony-

165 2165 313 2208 mum,
349 2152 436 2199 sed
461 2162 512 2199 et
538 2151 891 2209 Ambrosium,
914 2149 1263 2214 Augustinum,
1304 2150 1575 2207 Sedulium‚

163 2217 464 2277 Primasium‚
515 2220 934 2283 Chrysostomum,
984 2219 1370 2278 Theodoretum‚
1411 2219 1575 2268 Theo-

166 2286 433 2350 philactum
472 2297 522 2335 et
557 2287 902 2335 OEcumenium
941 2285 1070 2335 idem
1120 2295 1230 2335 cum
1271 2286 1425 2335 ‘Aerio
1467 2303 1589 2335 sen-f

163 2353 296 2402 sisse.
368 2356 550 2404 Verum
575 2355 882 2416 temerarium
908 2366 998 2413 est,
1021 2356 1125 2404 viro
1150 2356 1394 2404 catholico
1418 2355 1577 2418 indig-

163 2437 293 2479 num,
318 2421 430 2480 imo,
448 2427 589 2484 Juxta
612 2423 884 2480 nonnullos,
922 2423 1121 2488 impium
1146 2424 1208 2473 de
1233 2433 1308 2471 tot
1332 2424 1575 2486 tantisque

168 2488 390 2538 Patribus
415 2491 538 2539 adeo
561 2491 776 2555 iniquum
801 2491 929 2540 ferre
956 2491 1212 2554 judicium,
1238 2502 1294 2540 ut
1316 2491 1433 2540 satis
1459 2507 1576 2540 eon-

166 2566 261 2604 stat
286 2573 348 2604 ex
375 2558 549 2607 dictus

235 2624 461 2673 Secunda
486 2636 561 2675 est-
583 2627 822 2684 Durandi,
846 2624 1096 2688 Dominio-i
1125 2627 1260 2686 Soto,
1298 2626 1574 2691 Vasquesii,

166 2690 369 2750 Becani‚
413 2694 701 2753 Maidonati,
737 2712 766 2743 a
791 2696 964 2759 quibus
998 2696 1223 2745 'absolute
1249 2713 1346 2744 non
1371 2697 1574 2745 recessit

165 2760 500 2809 Bellarminus.
532 2762 613 2826 qui
645 2763 937 2812 arbitrantur
978 2764 1333 2830 Hieronymum
1376 2765 1573 2829 quidem

164 2828 422 2876 discrimen
447 2828 709 2895 admisisse,
734 2832 821 2880 sed
837 2837 948 2894 jure
973 2832 1213 2881 duntaxat
1237 2832 1573 2881 ecclesiastico

162 2886 435 2954 fundatum,
504 2891 562 2945 Id
587 2906 748 2948 autem
771 2901 875 2948 sine
910 2901 1163 2979 dispendio
1190 2901 1326 2949 Fidei
1369 2901 1419 2948 S.
1440 2900 1574 2947 Doc-

164 2965 255 3013 tori
280 2964 525 3014 excidisse
564 2961 746 3028 volunt,
785 2976 886 3016 tum
929 2968 1042 3033 quia
1083 2979 1201 3018 tunc
1238 2969 1442 3017 liberum
1469 2976 1589 3014 erat·

1505 3033 1576 3082 sic

1568 3182 1591 3217 ἃ
