<?xml version="1.0" encoding="UTF-8"?>
<!DOCTYPE html PUBLIC "-//W3C//DTD XHTML 1.0 Transitional//EN"
    "http://www.w3.org/TR/xhtml1/DTD/xhtml1-transitional.dtd">
<html xmlns="http://www.w3.org/1999/xhtml" xml:lang="en" lang="en">
 <head>
  <title>
</title>
<meta http-equiv="Content-Type" content="text/html;charset=utf-8" />
  <meta name='ocr-system' content='tesseract 3.04.00' />
  <meta name='ocr-capabilities' content='ocr_page ocr_carea ocr_par ocr_line ocrx_word'/>
</head>
<body>
  <div class='ocr_page' id='page_1' title='image "./theologica00bailuoft_0326.png"; bbox 0 0 1846 3250; ppageno 0'>
   <div class='ocr_carea' id='block_1_1' title="bbox 0 0 539 21">
    <p class='ocr_par' dir='ltr' id='par_1_1' title="bbox 0 0 743 21">
     <span class='ocr_line' id='line_1_1' title="bbox 0 0 539 21; baseline -0.011 -7"><span class='ocrx_word' id='word_1_1' title='bbox 0 0 539 21; x_wconf 29' lang='lat' dir='ltr'>fflavffi-</span> 
     </span>
    </p>
   </div>
   <div class='ocr_carea' id='block_1_2' title="bbox 192 114 1181 215">
    <p class='ocr_par' dir='ltr' id='par_1_2' title="bbox 192 114 1181 215">
     <span class='ocr_line' id='line_1_2' title="bbox 192 114 1181 215; baseline -0.001 -20"><span class='ocrx_word' id='word_1_2' title='bbox 192 146 292 215; x_wconf 70' lang='lat'>322</span> <span class='ocrx_word' id='word_1_3' title='bbox 687 142 1116 205; x_wconf 71' lang='lat' dir='ltr'>TRAcTATus</span> <span class='ocrx_word' id='word_1_4' title='bbox 1175 114 1181 119; x_wconf 48' lang='lat'><strong>⁴</strong></span> 
     </span>
    </p>
   </div>
   <div class='ocr_carea' id='block_1_3' title="bbox 178 265 1685 3003">
    <p class='ocr_par' dir='ltr' id='par_1_3' title="bbox 184 265 1685 453">
     <span class='ocr_line' id='line_1_3' title="bbox 184 265 1608 332; baseline 0.003 -14"><span class='ocrx_word' id='word_1_5' title='bbox 184 268 430 326; x_wconf 67' lang='lat' dir='ltr'>dimdium,</span> <span class='ocrx_word' id='word_1_6' title='bbox 457 265 611 330; x_wconf 85' lang='lat' dir='ltr'>idque</span> <span class='ocrx_word' id='word_1_7' title='bbox 627 268 912 332; x_wconf 80' lang='lat' dir='ltr'>approbavit</span> <span class='ocrx_word' id='word_1_8' title='bbox 933 269 1221 319; x_wconf 76' lang='lat' dir='ltr'>Alexander</span> <span class='ocrx_word' id='word_1_9' title='bbox 1245 269 1343 320; x_wconf 87' lang='grc' dir='ltr'>ΠΙ.</span> <span class='ocrx_word' id='word_1_10' title='bbox 1362 276 1608 324; x_wconf 79' lang='lat' dir='ltr'>an.1658.</span> 
     </span>
     <span class='ocr_line' id='line_1_4' title="bbox 180 326 1685 404; baseline 0.002 -18.01"><span class='ocrx_word' id='word_1_11' title='bbox 180 346 241 386; x_wconf 87' lang='lat' dir='ltr'>ut</span> <span class='ocrx_word' id='word_1_12' title='bbox 265 336 413 385; x_wconf 86' lang='lat' dir='ltr'><strong>refert</strong></span> <span class='ocrx_word' id='word_1_13' title='bbox 440 335 733 398; x_wconf 86' lang='lat' dir='ltr'>Fagnanus</span> <span class='ocrx_word' id='word_1_14' title='bbox 722 351 770 381; x_wconf 92' lang='lat' dir='ltr'>1n</span> <span class='ocrx_word' id='word_1_15' title='bbox 796 351 904 399; x_wconf 86' lang='lat' dir='ltr'>cap.</span> <span class='ocrx_word' id='word_1_16' title='bbox 934 338 1013 385; x_wconf 85' lang='lat' dir='ltr'>Ad</span> <span class='ocrx_word' id='word_1_17' title='bbox 1032 326 1333 394; x_wconf 71' lang='lat' dir='ltr'>audientiam,</span> <span class='ocrx_word' id='word_1_18' title='bbox 1359 335 1421 391; x_wconf 83' lang='lat' dir='ltr'>de</span> <span class='ocrx_word' id='word_1_19' title='bbox 1456 340 1609 404; x_wconf 87' lang='lat' dir='ltr'>Spon-</span> <span class='ocrx_word' id='word_1_20' title='bbox 1682 396 1685 399; x_wconf 43' lang='grc'><strong>,</strong></span> 
     </span>
     <span class='ocr_line' id='line_1_5' title="bbox 185 401 1619 453; baseline -0.003 0"><span class='ocrx_word' id='word_1_21' title='bbox 185 404 364 453; x_wconf 88' lang='lat' dir='ltr'>salibus</span> <span class='ocrx_word' id='word_1_22' title='bbox 390 418 435 448; x_wconf 85' lang='lat' dir='ltr'>n.</span> <span class='ocrx_word' id='word_1_23' title='bbox 461 403 545 450; x_wconf 76' lang='grc'>29.</span> <span class='ocrx_word' id='word_1_24' title='bbox 1616 401 1619 403; x_wconf 75' lang='grc'><strong>’</strong></span> 
     </span>
    </p>

    <p class='ocr_par' dir='ltr' id='par_1_4' title="bbox 178 458 1611 733">
     <span class='ocr_line' id='line_1_6' title="bbox 255 458 1609 533; baseline 0.005 -16"><span class='ocrx_word' id='word_1_25' title='bbox 255 472 336 517; x_wconf 71' lang='lat'>20·</span> <span class='ocrx_word' id='word_1_26' title='bbox 374 458 423 517; x_wconf 93' lang='lat' dir='ltr'>Si</span> <span class='ocrx_word' id='word_1_27' title='bbox 448 467 689 533; x_wconf 77' lang='lat' dir='ltr'>sponsalia</span> <span class='ocrx_word' id='word_1_28' title='bbox 724 468 856 517; x_wconf 85' lang='lat' dir='ltr'>facta</span> <span class='ocrx_word' id='word_1_29' title='bbox 891 466 1072 517; x_wconf 80' lang='lat' dir='ltr'>fuerint</span> <span class='ocrx_word' id='word_1_30' title='bbox 1113 471 1202 519; x_wconf 88' lang='lat' dir='ltr'>sub</span> <span class='ocrx_word' id='word_1_31' title='bbox 1243 471 1521 523; x_wconf 87' lang='lat' dir='ltr'>conditione</span> <span class='ocrx_word' id='word_1_32' title='bbox 1546 474 1609 524; x_wconf 88' lang='lat' dir='ltr'>de</span> 
     </span>
     <span class='ocr_line' id='line_1_7' title="bbox 178 535 1611 605; baseline 0.002 -19"><span class='ocrx_word' id='word_1_33' title='bbox 178 554 237 586; x_wconf 61' lang='lat' dir='ltr'>ie</span> <span class='ocrx_word' id='word_1_34' title='bbox 271 536 452 593; x_wconf 82' lang='lat' dir='ltr'>futura,</span> <span class='ocrx_word' id='word_1_35' title='bbox 513 552 611 582; x_wconf 91' lang='lat' dir='ltr'>non</span> <span class='ocrx_word' id='word_1_36' title='bbox 660 535 855 598; x_wconf 86' lang='lat' dir='ltr'>pariunt</span> <span class='ocrx_word' id='word_1_37' title='bbox 912 535 1312 601; x_wconf 82' lang='lat' dir='ltr'>impedimentum</span> <span class='ocrx_word' id='word_1_38' title='bbox 1360 539 1451 587; x_wconf 90' lang='lat' dir='ltr'>nisi</span> <span class='ocrx_word' id='word_1_39' title='bbox 1498 553 1611 605; x_wconf 87' lang='lat' dir='ltr'>post</span> 
     </span>
     <span class='ocr_line' id='line_1_8' title="bbox 183 601 1609 667; baseline 0.002 -16"><span class='ocrx_word' id='word_1_40' title='bbox 183 605 432 667; x_wconf 73' lang='lat' dir='ltr'>impletam</span> <span class='ocrx_word' id='word_1_41' title='bbox 458 601 807 659; x_wconf 85' lang='lat' dir='ltr'>conditionem,</span> <span class='ocrx_word' id='word_1_42' title='bbox 844 603 956 665; x_wconf 89' lang='lat' dir='ltr'>quia</span> <span class='ocrx_word' id='word_1_43' title='bbox 997 604 1239 667; x_wconf 83' lang='lat' dir='ltr'>sponsalia</span> <span class='ocrx_word' id='word_1_44' title='bbox 1262 620 1359 654; x_wconf 85' lang='lat' dir='ltr'>non</span> <span class='ocrx_word' id='word_1_45' title='bbox 1383 619 1495 656; x_wconf 90' lang='lat' dir='ltr'>sunt</span> <span class='ocrx_word' id='word_1_46' title='bbox 1519 608 1609 655; x_wconf 87' lang='lat' dir='ltr'>nisi</span> 
     </span>
     <span class='ocr_line' id='line_1_9' title="bbox 185 668 730 733; baseline -0.009 -13"><span class='ocrx_word' id='word_1_47' title='bbox 185 688 244 720; x_wconf 88' lang='lat' dir='ltr'>eo</span> <span class='ocrx_word' id='word_1_48' title='bbox 271 683 489 733; x_wconf 81' lang='lat' dir='ltr'>tempore</span> <span class='ocrx_word' id='word_1_49' title='bbox 516 668 689 716; x_wconf 85' lang='lat' dir='ltr'>valida.</span> <span class='ocrx_word' id='word_1_50' title='bbox 727 722 730 725; x_wconf 51' lang='grc'>,</span> 
     </span>
    </p>

    <p class='ocr_par' dir='ltr' id='par_1_5' title="bbox 184 727 1614 1053">
     <span class='ocr_line' id='line_1_10' title="bbox 252 727 1611 804; baseline 0.004 -19"><span class='ocrx_word' id='word_1_51' title='bbox 252 742 328 785; x_wconf 78' lang='grc'><strong>30·</strong></span> <span class='ocrx_word' id='word_1_52' title='bbox 366 738 478 784; x_wconf 88' lang='lat' dir='ltr'>Non</span> <span class='ocrx_word' id='word_1_53' title='bbox 505 736 753 783; x_wconf 77' lang='lat' dir='ltr'>inducitur</span> <span class='ocrx_word' id='word_1_54' title='bbox 777 735 890 783; x_wconf 89' lang='lat' dir='ltr'>hoc</span> <span class='ocrx_word' id='word_1_55' title='bbox 897 735 1308 800; x_wconf 73' lang='lat' dir='ltr'>impedimentum</span> <span class='ocrx_word' id='word_1_56' title='bbox 1324 754 1386 787; x_wconf 84' lang='lat' dir='ltr'>ex</span> <span class='ocrx_word' id='word_1_57' title='bbox 1413 727 1611 804; x_wconf 80' lang='lat' dir='ltr'>sponsa-</span> 
     </span>
     <span class='ocr_line' id='line_1_11' title="bbox 184 802 1614 866; baseline 0.002 -13"><span class='ocrx_word' id='word_1_58' title='bbox 184 805 310 853; x_wconf 84' lang='lat' dir='ltr'>libus</span> <span class='ocrx_word' id='word_1_59' title='bbox 346 803 573 853; x_wconf 87' lang='lat' dir='ltr'>secundis</span> <span class='ocrx_word' id='word_1_60' title='bbox 609 812 719 866; x_wconf 87' lang='lat' dir='ltr'>post</span> <span class='ocrx_word' id='word_1_61' title='bbox 756 802 911 865; x_wconf 83' lang='lat' dir='ltr'>prima</span> <span class='ocrx_word' id='word_1_62' title='bbox 951 804 1110 851; x_wconf 84' lang='lat' dir='ltr'>valida</span> <span class='ocrx_word' id='word_1_63' title='bbox 1161 818 1210 852; x_wconf 90' lang='lat' dir='ltr'>et</span> <span class='ocrx_word' id='word_1_64' title='bbox 1245 821 1343 853; x_wconf 90' lang='lat' dir='ltr'>non</span> <span class='ocrx_word' id='word_1_65' title='bbox 1373 803 1614 856; x_wconf 81' lang='lat' dir='ltr'>dissoluta</span> 
     </span>
     <span class='ocr_line' id='line_1_12' title="bbox 184 870 1614 950; baseline 0.003 -31"><span class='ocrx_word' id='word_1_66' title='bbox 184 872 330 950; x_wconf 75' lang='lat' dir='ltr'>initis,</span> <span class='ocrx_word' id='word_1_67' title='bbox 369 888 527 932; x_wconf 87' lang='lat' dir='ltr'>neque</span> <span class='ocrx_word' id='word_1_68' title='bbox 570 886 633 917; x_wconf 86' lang='lat' dir='ltr'>ex</span> <span class='ocrx_word' id='word_1_69' title='bbox 667 870 971 932; x_wconf 85' lang='lat' dir='ltr'>sponsalibus</span> <span class='ocrx_word' id='word_1_70' title='bbox 996 887 1024 918; x_wconf 88' lang='lat' dir='ltr'>a</span> <span class='ocrx_word' id='word_1_71' title='bbox 1048 887 1256 934; x_wconf 84' lang='lat' dir='ltr'>persona</span> <span class='ocrx_word' id='word_1_72' title='bbox 1281 873 1343 920; x_wconf 87' lang='lat' dir='ltr'>ad</span> <span class='ocrx_word' id='word_1_73' title='bbox 1367 874 1614 923; x_wconf 87' lang='lat' dir='ltr'>matrimo-</span> 
     </span>
     <span class='ocr_line' id='line_1_13' title="bbox 185 937 1611 1013; baseline 0.005 -28"><span class='ocrx_word' id='word_1_74' title='bbox 185 941 317 986; x_wconf 81' lang='lat' dir='ltr'>nium</span> <span class='ocrx_word' id='word_1_75' title='bbox 364 937 562 986; x_wconf 82' lang='lat' dir='ltr'>inhabili</span> <span class='ocrx_word' id='word_1_76' title='bbox 606 937 887 996; x_wconf 75' lang='lat' dir='ltr'>contractiS,</span> <span class='ocrx_word' id='word_1_77' title='bbox 926 954 1035 985; x_wconf 90' lang='lat' dir='ltr'>cum</span> <span class='ocrx_word' id='word_1_78' title='bbox 1079 938 1183 987; x_wconf 86' lang='lat' dir='ltr'>haec</span> <span class='ocrx_word' id='word_1_79' title='bbox 1223 940 1469 1013; x_wconf 83' lang='lat' dir='ltr'>sponsalia</span> <span class='ocrx_word' id='word_1_80' title='bbox 1514 941 1611 992; x_wconf 83' lang='lat' dir='ltr'>sint</span> 
     </span>
     <span class='ocr_line' id='line_1_14' title="bbox 186 1006 412 1053; baseline 0.005 -1"><span class='ocrx_word' id='word_1_81' title='bbox 186 1006 412 1053; x_wconf 85' lang='lat' dir='ltr'>invalida.</span> 
     </span>
    </p>

    <p class='ocr_par' dir='ltr' id='par_1_6' title="bbox 184 1070 1611 1335">
     <span class='ocr_line' id='line_1_15' title="bbox 251 1070 1610 1139; baseline 0.002 -19"><span class='ocrx_word' id='word_1_82' title='bbox 251 1078 336 1120; x_wconf 72' lang='lat'>40</span> <span class='ocrx_word' id='word_1_83' title='bbox 374 1071 768 1122; x_wconf 77' lang='lat' dir='ltr'>Controvertitur</span> <span class='ocrx_word' id='word_1_84' title='bbox 792 1070 918 1119; x_wconf 71' lang='lat' dir='ltr'>intel</span> <span class='ocrx_word' id='word_1_85' title='bbox 944 1071 1224 1135; x_wconf 82' lang='lat' dir='ltr'>Theologos</span> <span class='ocrx_word' id='word_1_86' title='bbox 1254 1083 1415 1121; x_wconf 84' lang='lat' dir='ltr'>utrum</span> <span class='ocrx_word' id='word_1_87' title='bbox 1459 1073 1610 1139; x_wconf 86' lang='lat' dir='ltr'>impe-</span> 
     </span>
     <span class='ocr_line' id='line_1_16' title="bbox 184 1138 1611 1218; baseline 0.002 -31"><span class='ocrx_word' id='word_1_88' title='bbox 184 1140 451 1188; x_wconf 84' lang='lat' dir='ltr'>dimentum</span> <span class='ocrx_word' id='word_1_89' title='bbox 489 1138 716 1186; x_wconf 74' lang='lat' dir='ltr'>nascatur</span> <span class='ocrx_word' id='word_1_90' title='bbox 766 1154 829 1185; x_wconf 88' lang='lat' dir='ltr'>ex</span> <span class='ocrx_word' id='word_1_91' title='bbox 883 1138 1185 1200; x_wconf 86' lang='lat' dir='ltr'>sponsalibus</span> <span class='ocrx_word' id='word_1_92' title='bbox 1236 1139 1477 1218; x_wconf 66' lang='lat' dir='ltr'>civilibus,</span> <span class='ocrx_word' id='word_1_93' title='bbox 1527 1152 1611 1190; x_wconf 86' lang='lat' dir='ltr'>aut</span> 
     </span>
     <span class='ocr_line' id='line_1_17' title="bbox 185 1204 1611 1256; baseline 0.001 -2"><span class='ocrx_word' id='word_1_94' title='bbox 185 1223 350 1255; x_wconf 85' lang='lat' dir='ltr'>coram</span> <span class='ocrx_word' id='word_1_95' title='bbox 387 1204 595 1253; x_wconf 85' lang='lat' dir='ltr'>Notario</span> <span class='ocrx_word' id='word_1_96' title='bbox 632 1215 679 1252; x_wconf 90' lang='lat' dir='ltr'>et</span> <span class='ocrx_word' id='word_1_97' title='bbox 713 1205 918 1252; x_wconf 83' lang='lat' dir='ltr'>testibus</span> <span class='ocrx_word' id='word_1_98' title='bbox 967 1216 1109 1253; x_wconf 84' lang='lat' dir='ltr'>extra</span> <span class='ocrx_word' id='word_1_99' title='bbox 1154 1206 1429 1255; x_wconf 80' lang='lat' dir='ltr'>Ecclesiam</span> <span class='ocrx_word' id='word_1_100' title='bbox 1466 1207 1611 1256; x_wconf 85' lang='lat' dir='ltr'>initis.</span> 
     </span>
     <span class='ocr_line' id='line_1_18' title="bbox 189 1267 1473 1335; baseline -0.001 -12.999"><span class='ocrx_word' id='word_1_101' title='bbox 189 1273 430 1322; x_wconf 81' lang='lat' dir='ltr'>Solvimus</span> <span class='ocrx_word' id='word_1_102' title='bbox 455 1272 583 1320; x_wconf 87' lang='lat' dir='ltr'>hanc</span> <span class='ocrx_word' id='word_1_103' title='bbox 609 1270 923 1334; x_wconf 78' lang='lat' dir='ltr'>quaestionem</span> <span class='ocrx_word' id='word_1_104' title='bbox 951 1272 1033 1319; x_wconf 89' lang='lat' dir='ltr'>ubi</span> <span class='ocrx_word' id='word_1_105' title='bbox 1059 1272 1119 1318; x_wconf 89' lang='lat' dir='ltr'>de</span> <span class='ocrx_word' id='word_1_106' title='bbox 1143 1267 1473 1335; x_wconf 85' lang='lat' dir='ltr'>Sponsalibus.</span> 
     </span>
    </p>

    <p class='ocr_par' dir='ltr' id='par_1_7' title="bbox 183 1338 1661 2470">
     <span class='ocr_line' id='line_1_19' title="bbox 216 1338 1613 1402; baseline 0 -13"><span class='ocrx_word' id='word_1_107' title='bbox 216 1344 334 1390; x_wconf 84' lang='lat'>50·</span> <span class='ocrx_word' id='word_1_108' title='bbox 371 1340 639 1402; x_wconf 85' lang='lat' dir='ltr'>Disputant</span> <span class='ocrx_word' id='word_1_109' title='bbox 661 1338 790 1384; x_wconf 79' lang='lat' dir='ltr'>inter</span> <span class='ocrx_word' id='word_1_110' title='bbox 820 1355 873 1385; x_wconf 89' lang='lat' dir='ltr'>se</span> <span class='ocrx_word' id='word_1_111' title='bbox 900 1338 1141 1400; x_wconf 84' lang='lat' dir='ltr'>Theologi</span> <span class='ocrx_word' id='word_1_112' title='bbox 1172 1355 1231 1385; x_wconf 87' lang='lat' dir='ltr'>an</span> <span class='ocrx_word' id='word_1_113' title='bbox 1258 1340 1501 1402; x_wconf 78' lang='lat' dir='ltr'>sponsalia</span> <span class='ocrx_word' id='word_1_114' title='bbox 1525 1357 1613 1389; x_wconf 83' lang='lat' dir='ltr'>ex-</span> 
     </span>
     <span class='ocr_line' id='line_1_20' title="bbox 187 1387 1614 1471; baseline 0 -16"><span class='ocrx_word' id='word_1_115' title='bbox 187 1387 337 1455; x_wconf 78' lang='lat' dir='ltr'>terius</span> <span class='ocrx_word' id='word_1_116' title='bbox 362 1416 413 1454; x_wconf 90' lang='lat' dir='ltr'>et</span> <span class='ocrx_word' id='word_1_117' title='bbox 437 1407 484 1452; x_wconf 90' lang='lat' dir='ltr'>in</span> <span class='ocrx_word' id='word_1_118' title='bbox 507 1406 615 1453; x_wconf 79' lang='lat' dir='ltr'>foro</span> <span class='ocrx_word' id='word_1_119' title='bbox 636 1416 838 1453; x_wconf 82' lang='lat' dir='ltr'>externo</span> <span class='ocrx_word' id='word_1_120' title='bbox 864 1405 1037 1462; x_wconf 86' lang='lat' dir='ltr'>valida,</span> <span class='ocrx_word' id='word_1_121' title='bbox 1074 1406 1161 1452; x_wconf 88' lang='lat' dir='ltr'>sed</span> <span class='ocrx_word' id='word_1_122' title='bbox 1185 1405 1314 1453; x_wconf 85' lang='lat' dir='ltr'>intus</span> <span class='ocrx_word' id='word_1_123' title='bbox 1340 1423 1395 1455; x_wconf 83' lang='lat' dir='ltr'>ac</span> <span class='ocrx_word' id='word_1_124' title='bbox 1413 1419 1614 1471; x_wconf 84' lang='lat' dir='ltr'>propter</span> 
     </span>
     <span class='ocr_line' id='line_1_21' title="bbox 187 1472 1613 1535; baseline -0.004 -12"><span class='ocrx_word' id='word_1_125' title='bbox 187 1489 381 1528; x_wconf 82' lang='lat' dir='ltr'>causam</span> <span class='ocrx_word' id='word_1_126' title='bbox 408 1473 672 1531; x_wconf 84' lang='lat' dir='ltr'>occultam,</span> <span class='ocrx_word' id='word_1_127' title='bbox 710 1489 753 1518; x_wconf 88' lang='lat' dir='ltr'>v.</span> <span class='ocrx_word' id='word_1_128' title='bbox 778 1488 824 1535; x_wconf 83' lang='lat' dir='ltr'>g.</span> <span class='ocrx_word' id='word_1_129' title='bbox 849 1481 1015 1520; x_wconf 82' lang='lat' dir='ltr'>votum</span> <span class='ocrx_word' id='word_1_130' title='bbox 1060 1472 1312 1529; x_wconf 84' lang='lat' dir='ltr'>castitatis,</span> <span class='ocrx_word' id='word_1_131' title='bbox 1350 1482 1613 1523; x_wconf 84' lang='lat' dir='ltr'>consensus</span> 
     </span>
     <span class='ocr_line' id='line_1_22' title="bbox 183 1539 1613 1602; baseline 0.001 -15"><span class='ocrx_word' id='word_1_132' title='bbox 183 1541 361 1589; x_wconf 86' lang='lat' dir='ltr'>interni</span> <span class='ocrx_word' id='word_1_133' title='bbox 398 1540 648 1588; x_wconf 84' lang='lat' dir='ltr'>defectum</span> <span class='ocrx_word' id='word_1_134' title='bbox 691 1539 914 1596; x_wconf 85' lang='lat' dir='ltr'>invalida,</span> <span class='ocrx_word' id='word_1_135' title='bbox 977 1539 1165 1602; x_wconf 83' lang='lat' dir='ltr'>pariant</span> <span class='ocrx_word' id='word_1_136' title='bbox 1212 1539 1479 1589; x_wconf 84' lang='lat' dir='ltr'>honestatis</span> <span class='ocrx_word' id='word_1_137' title='bbox 1525 1541 1613 1588; x_wconf 86' lang='lat' dir='ltr'>im-</span> 
     </span>
     <span class='ocr_line' id='line_1_23' title="bbox 186 1605 1614 1672; baseline -0.001 -16"><span class='ocrx_word' id='word_1_138' title='bbox 186 1607 537 1672; x_wconf 84' lang='lat' dir='ltr'>pedimentum.</span> <span class='ocrx_word' id='word_1_139' title='bbox 638 1605 970 1653; x_wconf 85' lang='lat' dir='ltr'>Probabilius</span> <span class='ocrx_word' id='word_1_140' title='bbox 995 1606 1187 1653; x_wconf 85' lang='lat' dir='ltr'>videtur</span> <span class='ocrx_word' id='word_1_141' title='bbox 1244 1623 1308 1655; x_wconf 86' lang='lat' dir='ltr'>ex</span> <span class='ocrx_word' id='word_1_142' title='bbox 1379 1608 1614 1668; x_wconf 83' lang='lat' dir='ltr'>ejusmodi</span> 
     </span>
     <span class='ocr_line' id='line_1_24' title="bbox 187 1672 1615 1748; baseline 0.001 -26"><span class='ocrx_word' id='word_1_143' title='bbox 187 1673 490 1748; x_wconf 80' lang='lat' dir='ltr'>sponsalibus</span> <span class='ocrx_word' id='word_1_144' title='bbox 538 1688 634 1719; x_wconf 90' lang='lat' dir='ltr'>non</span> <span class='ocrx_word' id='word_1_145' title='bbox 669 1672 834 1719; x_wconf 85' lang='lat' dir='ltr'>induci</span> <span class='ocrx_word' id='word_1_146' title='bbox 871 1672 1288 1735; x_wconf 83' lang='lat' dir='ltr'>impedimentum,</span> <span class='ocrx_word' id='word_1_147' title='bbox 1332 1689 1442 1721; x_wconf 88' lang='lat' dir='ltr'>cum</span> <span class='ocrx_word' id='word_1_148' title='bbox 1492 1673 1615 1723; x_wconf 84' lang='lat' dir='ltr'>illud</span> 
     </span>
     <span class='ocr_line' id='line_1_25' title="bbox 189 1739 1611 1802; baseline -0.002 -12"><span class='ocrx_word' id='word_1_149' title='bbox 189 1759 253 1790; x_wconf 85' lang='lat' dir='ltr'>ex</span> <span class='ocrx_word' id='word_1_150' title='bbox 291 1742 444 1789; x_wconf 84' lang='lat' dir='ltr'>Cone.</span> <span class='ocrx_word' id='word_1_151' title='bbox 494 1739 631 1787; x_wconf 85' lang='lat' dir='ltr'>Trid.</span> <span class='ocrx_word' id='word_1_152' title='bbox 672 1756 769 1786; x_wconf 92' lang='lat' dir='ltr'>non</span> <span class='ocrx_word' id='word_1_153' title='bbox 814 1739 996 1786; x_wconf 80' lang='lat' dir='ltr'>oriatur</span> <span class='ocrx_word' id='word_1_154' title='bbox 1041 1755 1101 1786; x_wconf 89' lang='lat' dir='ltr'>ex</span> <span class='ocrx_word' id='word_1_155' title='bbox 1152 1739 1455 1802; x_wconf 84' lang='lat' dir='ltr'>sponsalibus</span> <span class='ocrx_word' id='word_1_156' title='bbox 1490 1757 1611 1802; x_wconf 75' lang='lat' dir='ltr'>qua-</span> 
     </span>
     <span class='ocr_line' id='line_1_26' title="bbox 190 1805 1612 1871; baseline -0.001 -16"><span class='ocrx_word' id='word_1_157' title='bbox 190 1824 390 1871; x_wconf 76' lang='lat' dir='ltr'>cumque</span> <span class='ocrx_word' id='word_1_158' title='bbox 428 1808 613 1854; x_wconf 77' lang='lat' dir='ltr'>ratione</span> <span class='ocrx_word' id='word_1_159' title='bbox 649 1805 885 1853; x_wconf 85' lang='lat' dir='ltr'>invalidis.</span> <span class='ocrx_word' id='word_1_160' title='bbox 957 1806 1079 1854; x_wconf 89' lang='lat' dir='ltr'>Cum</span> <span class='ocrx_word' id='word_1_161' title='bbox 1122 1816 1283 1853; x_wconf 83' lang='lat' dir='ltr'>tamen</span> <span class='ocrx_word' id='word_1_162' title='bbox 1317 1806 1612 1854; x_wconf 86' lang='lat' dir='ltr'>contrarium</span> 
     </span>
     <span class='ocr_line' id='line_1_27' title="bbox 190 1866 1661 1938; baseline -0.001 -15"><span class='ocrx_word' id='word_1_163' title='bbox 190 1876 427 1923; x_wconf 77' lang='lat' dir='ltr'>affinnent</span> <span class='ocrx_word' id='word_1_164' title='bbox 452 1874 548 1930; x_wconf 89' lang='lat' dir='ltr'>alii,</span> <span class='ocrx_word' id='word_1_165' title='bbox 586 1889 646 1920; x_wconf 88' lang='lat' dir='ltr'>eo</span> <span class='ocrx_word' id='word_1_166' title='bbox 685 1873 815 1936; x_wconf 90' lang='lat' dir='ltr'>quod</span> <span class='ocrx_word' id='word_1_167' title='bbox 847 1873 1074 1919; x_wconf 86' lang='lat' dir='ltr'>honestas</span> <span class='ocrx_word' id='word_1_168' title='bbox 1112 1882 1161 1920; x_wconf 87' lang='lat' dir='ltr'>et</span> <span class='ocrx_word' id='word_1_169' title='bbox 1186 1872 1412 1920; x_wconf 87' lang='lat' dir='ltr'>decentia</span> <span class='ocrx_word' id='word_1_170' title='bbox 1437 1866 1611 1938; x_wconf 29' lang='lat' dir='ltr'>quib-us*</span> <span class='ocrx_word' id='word_1_171' title='bbox 1659 1918 1661 1920; x_wconf 79' lang='grc'>,</span> 
     </span>
     <span class='ocr_line' id='line_1_28' title="bbox 189 1938 1615 2007; baseline -0.001 -18"><span class='ocrx_word' id='word_1_172' title='bbox 189 1941 421 1990; x_wconf 81' lang='lat' dir='ltr'>fundatur</span> <span class='ocrx_word' id='word_1_173' title='bbox 456 1939 578 1988; x_wconf 88' lang='lat' dir='ltr'>illud</span> <span class='ocrx_word' id='word_1_174' title='bbox 611 1938 1010 2002; x_wconf 86' lang='lat' dir='ltr'>impedimentum</span> <span class='ocrx_word' id='word_1_175' title='bbox 1059 1938 1107 1984; x_wconf 90' lang='lat' dir='ltr'>in</span> <span class='ocrx_word' id='word_1_176' title='bbox 1159 1938 1370 2002; x_wconf 80' lang='lat' dir='ltr'>praefatis</span> <span class='ocrx_word' id='word_1_177' title='bbox 1416 1955 1615 2007; x_wconf 86' lang='lat' dir='ltr'>sponsa-</span> 
     </span>
     <span class='ocr_line' id='line_1_29' title="bbox 189 2005 1616 2057; baseline -0.001 -1"><span class='ocrx_word' id='word_1_178' title='bbox 189 2010 316 2057; x_wconf 85' lang='lat' dir='ltr'>libus</span> <span class='ocrx_word' id='word_1_179' title='bbox 351 2021 448 2056; x_wconf 97' lang='grc'>303</span> <span class='ocrx_word' id='word_1_180' title='bbox 484 2008 641 2054; x_wconf 83' lang='lat' dir='ltr'>minus</span> <span class='ocrx_word' id='word_1_181' title='bbox 690 2008 850 2054; x_wconf 88' lang='lat' dir='ltr'>locum</span> <span class='ocrx_word' id='word_1_182' title='bbox 906 2005 1084 2054; x_wconf 87' lang='lat' dir='ltr'>habeat</span> <span class='ocrx_word' id='word_1_183' title='bbox 1134 2006 1182 2052; x_wconf 91' lang='lat' dir='ltr'>in</span> <span class='ocrx_word' id='word_1_184' title='bbox 1220 2006 1397 2053; x_wconf 73' lang='lat' dir='ltr'>oxdine</span> <span class='ocrx_word' id='word_1_185' title='bbox 1430 2006 1493 2054; x_wconf 87' lang='lat' dir='ltr'>ad</span> <span class='ocrx_word' id='word_1_186' title='bbox 1534 2022 1616 2055; x_wconf 87' lang='lat' dir='ltr'>ve·</span> 
     </span>
     <span class='ocr_line' id='line_1_30' title="bbox 191 2071 1618 2141; baseline -0.001 -18"><span class='ocrx_word' id='word_1_187' title='bbox 191 2075 390 2141; x_wconf 79' lang='lat' dir='ltr'>tandum</span> <span class='ocrx_word' id='word_1_188' title='bbox 413 2071 791 2129; x_wconf 81' lang='lat' dir='ltr'>matrimonium,</span> <span class='ocrx_word' id='word_1_189' title='bbox 819 2089 961 2136; x_wconf 86' lang='lat' dir='ltr'>quam</span> <span class='ocrx_word' id='word_1_190' title='bbox 986 2072 1025 2121; x_wconf 84' lang='lat' dir='ltr'>si</span> <span class='ocrx_word' id='word_1_191' title='bbox 1052 2073 1182 2119; x_wconf 88' lang='lat' dir='ltr'>omni</span> <span class='ocrx_word' id='word_1_192' title='bbox 1205 2088 1267 2119; x_wconf 82' lang='lat' dir='ltr'>ex</span> <span class='ocrx_word' id='word_1_193' title='bbox 1292 2082 1433 2136; x_wconf 88' lang='lat' dir='ltr'>parte</span> <span class='ocrx_word' id='word_1_194' title='bbox 1457 2072 1618 2121; x_wconf 82' lang='lat' dir='ltr'>valida</span> 
     </span>
     <span class='ocr_line' id='line_1_31' title="bbox 190 2139 1616 2205; baseline -0.001 -15"><span class='ocrx_word' id='word_1_195' title='bbox 190 2145 352 2191; x_wconf 66' lang='lat' dir='ltr'>fot-erit</span> <span class='ocrx_word' id='word_1_196' title='bbox 378 2143 483 2189; x_wconf 87' lang='lat' dir='ltr'>haec</span> <span class='ocrx_word' id='word_1_197' title='bbox 507 2140 765 2205; x_wconf 85' lang='lat' dir='ltr'>sponsalia,</span> <span class='ocrx_word' id='word_1_198' title='bbox 803 2140 952 2187; x_wconf 85' lang='lat' dir='ltr'>tutius</span> <span class='ocrx_word' id='word_1_199' title='bbox 996 2149 1069 2187; x_wconf 90' lang='lat' dir='ltr'>est</span> <span class='ocrx_word' id='word_1_200' title='bbox 1110 2139 1158 2187; x_wconf 89' lang='lat' dir='ltr'>in</span> <span class='ocrx_word' id='word_1_201' title='bbox 1201 2154 1318 2187; x_wconf 87' lang='lat' dir='ltr'>casu</span> <span class='ocrx_word' id='word_1_202' title='bbox 1365 2140 1616 2204; x_wconf 87' lang='lat' dir='ltr'>proposito</span> 
     </span>
     <span class='ocr_line' id='line_1_32' title="bbox 191 2206 1616 2274; baseline -0.003 -17"><span class='ocrx_word' id='word_1_203' title='bbox 191 2209 440 2274; x_wconf 77' lang='lat' dir='ltr'>postulare</span> <span class='ocrx_word' id='word_1_204' title='bbox 466 2206 892 2270; x_wconf 87' lang='lat' dir='ltr'>dispensationem,</span> <span class='ocrx_word' id='word_1_205' title='bbox 927 2206 1077 2269; x_wconf 88' lang='lat' dir='ltr'>idque</span> <span class='ocrx_word' id='word_1_206' title='bbox 1119 2222 1178 2254; x_wconf 89' lang='lat' dir='ltr'>eo</span> <span class='ocrx_word' id='word_1_207' title='bbox 1209 2206 1359 2254; x_wconf 87' lang='lat' dir='ltr'>satius</span> <span class='ocrx_word' id='word_1_208' title='bbox 1384 2216 1459 2254; x_wconf 90' lang='lat' dir='ltr'>est</span> <span class='ocrx_word' id='word_1_209' title='bbox 1484 2207 1616 2268; x_wconf 85' lang='lat' dir='ltr'>quod</span> 
     </span>
     <span class='ocr_line' id='line_1_33' title="bbox 191 2272 1616 2328; baseline -0.003 -4"><span class='ocrx_word' id='word_1_210' title='bbox 191 2274 550 2325; x_wconf 79' lang='lat' dir='ltr'>matrimonium</span> <span class='ocrx_word' id='word_1_211' title='bbox 575 2290 687 2322; x_wconf 90' lang='lat' dir='ltr'>cum</span> <span class='ocrx_word' id='word_1_212' title='bbox 708 2272 790 2321; x_wconf 88' lang='lat' dir='ltr'>tali</span> <span class='ocrx_word' id='word_1_213' title='bbox 816 2273 1010 2320; x_wconf 88' lang='lat' dir='ltr'>vinculo</span> <span class='ocrx_word' id='word_1_214' title='bbox 1043 2280 1367 2328; x_wconf 87' lang='lat' dir='ltr'>contractum,</span> <span class='ocrx_word' id='word_1_215' title='bbox 1403 2272 1444 2318; x_wconf 87' lang='lat' dir='ltr'>si</span> <span class='ocrx_word' id='word_1_216' title='bbox 1482 2272 1616 2320; x_wconf 85' lang='lat' dir='ltr'>defe-</span> 
     </span>
     <span class='ocr_line' id='line_1_34' title="bbox 192 2338 1614 2395; baseline -0.004 -4"><span class='ocrx_word' id='word_1_217' title='bbox 192 2354 326 2391; x_wconf 78' lang='lat' dir='ltr'>ratur</span> <span class='ocrx_word' id='word_1_218' title='bbox 350 2342 414 2389; x_wconf 89' lang='lat' dir='ltr'>ad</span> <span class='ocrx_word' id='word_1_219' title='bbox 439 2339 721 2388; x_wconf 86' lang='lat' dir='ltr'>Tribunalia</span> <span class='ocrx_word' id='word_1_220' title='bbox 746 2338 919 2395; x_wconf 86' lang='lat' dir='ltr'>civilia,</span> <span class='ocrx_word' id='word_1_221' title='bbox 956 2338 1037 2386; x_wconf 89' lang='lat' dir='ltr'>ubi</span> <span class='ocrx_word' id='word_1_222' title='bbox 1079 2338 1141 2385; x_wconf 83' lang='lat' dir='ltr'>ad</span> <span class='ocrx_word' id='word_1_223' title='bbox 1184 2346 1386 2386; x_wconf 84' lang='lat' dir='ltr'>externa</span> <span class='ocrx_word' id='word_1_224' title='bbox 1425 2346 1614 2386; x_wconf 88' lang='lat' dir='ltr'>tantum</span> 
     </span>
     <span class='ocr_line' id='line_1_35' title="bbox 191 2404 1424 2470; baseline -0.007 -12"><span class='ocrx_word' id='word_1_225' title='bbox 191 2409 479 2466; x_wconf 81' lang='lat' dir='ltr'>attenditur,</span> <span class='ocrx_word' id='word_1_226' title='bbox 504 2407 601 2456; x_wconf 89' lang='lat' dir='ltr'>ab</span> <span class='ocrx_word' id='word_1_227' title='bbox 590 2407 646 2455; x_wconf 74' lang='lat' dir='ltr'>iis</span> <span class='ocrx_word' id='word_1_228' title='bbox 671 2406 838 2470; x_wconf 86' lang='lat' dir='ltr'>procul</span> <span class='ocrx_word' id='word_1_229' title='bbox 866 2405 1015 2455; x_wconf 88' lang='lat' dir='ltr'>dubio</span> <span class='ocrx_word' id='word_1_230' title='bbox 1039 2404 1100 2452; x_wconf 89' lang='lat' dir='ltr'>sit</span> <span class='ocrx_word' id='word_1_231' title='bbox 1120 2404 1424 2451; x_wconf 83' lang='lat' dir='ltr'>irritandum.</span> 
     </span>
    </p>

    <p class='ocr_par' dir='ltr' id='par_1_8' title="bbox 196 2469 1636 2672">
     <span class='ocr_line' id='line_1_36' title="bbox 270 2469 1636 2537; baseline -0.001 -13"><span class='ocrx_word' id='word_1_232' title='bbox 270 2477 461 2532; x_wconf 79' lang='lat' dir='ltr'>Quoeres</span> <span class='ocrx_word' id='word_1_233' title='bbox 496 2478 559 2522; x_wconf 79' lang='lat'>3⁰·</span> <span class='ocrx_word' id='word_1_234' title='bbox 594 2474 641 2520; x_wconf 91' lang='lat' dir='ltr'>in</span> <span class='ocrx_word' id='word_1_235' title='bbox 679 2490 776 2537; x_wconf 92' lang='lat' dir='ltr'>quo</span> <span class='ocrx_word' id='word_1_236' title='bbox 825 2471 979 2537; x_wconf 84' lang='lat' dir='ltr'>gradu</span> <span class='ocrx_word' id='word_1_237' title='bbox 1027 2471 1259 2527; x_wconf 80' lang='lat' dir='ltr'>honestas</span> <span class='ocrx_word' id='word_1_238' title='bbox 1307 2469 1519 2534; x_wconf 86' lang='lat' dir='ltr'>publica,</span> <span class='ocrx_word' id='word_1_239' title='bbox 1577 2470 1636 2522; x_wconf 85' lang='lat' dir='ltr'>si.</span> 
     </span>
     <span class='ocr_line' id='line_1_37' title="bbox 196 2536 1618 2604; baseline -0.004 -13"><span class='ocrx_word' id='word_1_240' title='bbox 196 2543 377 2591; x_wconf 84' lang='lat' dir='ltr'>oriatur</span> <span class='ocrx_word' id='word_1_241' title='bbox 403 2558 466 2590; x_wconf 82' lang='lat' dir='ltr'>ex</span> <span class='ocrx_word' id='word_1_242' title='bbox 500 2539 807 2589; x_wconf 80' lang='lat' dir='ltr'>matrimonio</span> <span class='ocrx_word' id='word_1_243' title='bbox 844 2549 950 2587; x_wconf 83' lang='lat' dir='ltr'>rato</span> <span class='ocrx_word' id='word_1_244' title='bbox 991 2536 1110 2586; x_wconf 61' lang='lat' dir='ltr'>noir</span> <span class='ocrx_word' id='word_1_245' title='bbox 1106 2547 1480 2604; x_wconf 52' lang='lat' dir='ltr'>ponsummatffi</span> <span class='ocrx_word' id='word_1_246' title='bbox 1517 2553 1618 2585; x_wconf 76' lang='lat' dir='ltr'>ma-</span> 
     </span>
     <span class='ocr_line' id='line_1_38' title="bbox 197 2605 1104 2672; baseline -0.006 -14"><span class='ocrx_word' id='word_1_247' title='bbox 197 2609 406 2658; x_wconf 82' lang='lat' dir='ltr'>trimonii</span> <span class='ocrx_word' id='word_1_248' title='bbox 431 2608 832 2672; x_wconf 81' lang='lat' dir='ltr'>impedimentum</span> <span class='ocrx_word' id='word_1_249' title='bbox 858 2605 1093 2654; x_wconf 82' lang='lat' dir='ltr'>inducat</span> <span class='ocrx_word' id='word_1_250' title='bbox 1080 2605 1104 2636; x_wconf 70' lang='lat'>‘³</span> 
     </span>
    </p>

    <p class='ocr_par' dir='ltr' id='par_1_9' title="bbox 196 2670 1619 2983">
     <span class='ocr_line' id='line_1_39' title="bbox 265 2670 1616 2737; baseline -0.003 -15"><span class='ocrx_word' id='word_1_251' title='bbox 265 2675 331 2723; x_wconf 77' lang='lat' dir='ltr'>R.</span> <span class='ocrx_word' id='word_1_252' title='bbox 365 2675 765 2737; x_wconf 87' lang='lat' dir='ltr'>impedimentum</span> <span class='ocrx_word' id='word_1_253' title='bbox 801 2673 924 2721; x_wconf 76' lang='lat' dir='ltr'>illud</span> <span class='ocrx_word' id='word_1_254' title='bbox 970 2671 1134 2720; x_wconf 83' lang='lat' dir='ltr'>induci</span> <span class='ocrx_word' id='word_1_255' title='bbox 1186 2687 1345 2735; x_wconf 88' lang='lat' dir='ltr'>usque</span> <span class='ocrx_word' id='word_1_256' title='bbox 1376 2670 1445 2721; x_wconf 90' lang='lat' dir='ltr'>ad</span> <span class='ocrx_word' id='word_1_257' title='bbox 1474 2687 1616 2735; x_wconf 79' lang='lat' dir='ltr'>quar·</span> 
     </span>
     <span class='ocr_line' id='line_1_40' title="bbox 197 2738 1619 2805; baseline -0.005 -13"><span class='ocrx_word' id='word_1_258' title='bbox 197 2755 300 2792; x_wconf 83' lang='lat' dir='ltr'>tum</span> <span class='ocrx_word' id='word_1_259' title='bbox 336 2742 539 2805; x_wconf 87' lang='lat' dir='ltr'>gradum</span> <span class='ocrx_word' id='word_1_260' title='bbox 574 2741 827 2799; x_wconf 89' lang='lat' dir='ltr'>inclusive,</span> <span class='ocrx_word' id='word_1_261' title='bbox 881 2749 933 2788; x_wconf 88' lang='lat' dir='ltr'>ut</span> <span class='ocrx_word' id='word_1_262' title='bbox 983 2748 1170 2787; x_wconf 88' lang='lat' dir='ltr'>constat</span> <span class='ocrx_word' id='word_1_263' title='bbox 1207 2755 1269 2786; x_wconf 89' lang='lat' dir='ltr'>ex</span> <span class='ocrx_word' id='word_1_264' title='bbox 1307 2740 1429 2787; x_wconf 82' lang='lat' dir='ltr'>Jure</span> <span class='ocrx_word' id='word_1_265' title='bbox 1464 2738 1619 2787; x_wconf 84' lang='lat' dir='ltr'>veteri</span> 
     </span>
     <span class='ocr_line' id='line_1_41' title="bbox 199 2804 1616 2885; baseline -0.005 -27"><span class='ocrx_word' id='word_1_266' title='bbox 199 2826 307 2873; x_wconf 84' lang='lat' dir='ltr'>cap.</span> <span class='ocrx_word' id='word_1_267' title='bbox 331 2814 383 2857; x_wconf 78' lang='lat'>4.</span> <span class='ocrx_word' id='word_1_268' title='bbox 405 2809 466 2856; x_wconf 87' lang='lat' dir='ltr'>de</span> <span class='ocrx_word' id='word_1_269' title='bbox 484 2808 841 2885; x_wconf 77' lang='lat' dir='ltr'>Sponsalibus·</span> <span class='ocrx_word' id='word_1_270' title='bbox 877 2806 1009 2870; x_wconf 88' lang='lat' dir='ltr'>quod</span> <span class='ocrx_word' id='word_1_271' title='bbox 1051 2806 1247 2870; x_wconf 86' lang='lat' dir='ltr'>quidem</span> <span class='ocrx_word' id='word_1_272' title='bbox 1294 2807 1447 2854; x_wconf 87' lang='lat' dir='ltr'>Cone.</span> <span class='ocrx_word' id='word_1_273' title='bbox 1480 2804 1616 2853; x_wconf 85' lang='lat' dir='ltr'>Trid.</span> 
     </span>
     <span class='ocr_line' id='line_1_42' title="bbox 196 2871 1619 2983; baseline -0.003 -60"><span class='ocrx_word' id='word_1_274' title='bbox 196 2892 291 2926; x_wconf 81' lang='lat' dir='ltr'>nec</span> <span class='ocrx_word' id='word_1_275' title='bbox 314 2874 519 2925; x_wconf 85' lang='lat' dir='ltr'>mutavit</span> <span class='ocrx_word' id='word_1_276' title='bbox 543 2890 634 2924; x_wconf 91' lang='lat' dir='ltr'>nec</span> <span class='ocrx_word' id='word_1_277' title='bbox 659 2873 925 2934; x_wconf 79' lang='lat' dir='ltr'>restrinxit,</span> <span class='ocrx_word' id='word_1_278' title='bbox 960 2872 1048 2923; x_wconf 88' lang='lat' dir='ltr'>sed</span> <span class='ocrx_word' id='word_1_279' title='bbox 1089 2872 1137 2922; x_wconf 87' lang='lat' dir='ltr'>in</span> <span class='ocrx_word' id='word_1_280' title='bbox 1179 2871 1353 2945; x_wconf 82' lang='lat' dir='ltr'>eodem</span> <span class='ocrx_word' id='word_1_281' title='bbox 1388 2881 1517 2921; x_wconf 83' lang='lat' dir='ltr'>statu</span> <span class='ocrx_word' id='word_1_282' title='bbox 1541 2887 1619 2983; x_wconf 58' lang='lat' dir='ltr'>rie-</span> 
     </span>
    </p>

    <p class='ocr_par' dir='ltr' id='par_1_10' title="bbox 1090 2938 1615 3003">
     <span class='ocr_line' id='line_1_43' title="bbox 1090 2938 1615 3003; baseline -0.006 -17"><span class='ocrx_word' id='word_1_283' title='bbox 1090 2958 1095 2963; x_wconf 89' lang='lat'>·</span> <span class='ocrx_word' id='word_1_284' title='bbox 1445 2938 1558 3003; x_wconf 80' lang='lat' dir='ltr'>liqu</span> <span class='ocrx_word' id='word_1_285' title='bbox 1579 2946 1615 2996; x_wconf 89' lang='lat' dir='ltr'>t,</span> 
     </span>
    </p>
   </div>
  </div>
 </body>
</html>
