1846 3250
645 199 740 247 DE
780 197 1075 261 ORDINE.
1489 200 1580 246 127

236 339 352 402 Oly..
382 341 449 385 2⁰·
487 335 611 384 Cum
639 333 986 384 Constantinus
1028 332 1224 397 quidam
1265 335 1310 380 8
1342 332 1580 380 Ecclesiae

166 424 277 455 saec.
311 423 336 454 e
373 403 524 453 Laico
565 402 691 450 intra
723 418 906 465 paucos
945 402 1047 449 dies
1097 412 1410 449 consecratus
1453 412 1582 449 esset

166 476 453 539 Episcopus,
479 488 536 519 ac
561 471 607 518 in
637 473 904 518 Romanam
935 470 1110 517 Sedem
1137 486 1224 532 per
1249 470 1344 516 vim
1368 470 1583 517 intrusus

165 553 308 598 esset,
334 552 443 605 post
468 556 645 587 annum
682 539 789 586 zelo
815 537 1052 585 Fidelium
1092 538 1245 585 oculis
1270 538 1483 602 privatus
1510 548 1585 585 est

167 621 217 665 et
242 627 270 658 a
297 610 425 659 Sede
456 607 740 672 Apostolica
765 606 999 667 dejectus.
1060 606 1324 669 Stiphanus
1352 623 1466 654 vero
1492 607 1582 653 IV.

164 678 269 729 aliis
305 678 401 726 ΙΙΙ.
437 681 541 738 ejus
582 691 835 723 successor
875 675 924 720 in
964 675 1164 738 Synodo
1206 675 1377 721 Romae
1417 675 1583 722 habita

164 747 290 794 illius
327 745 671 793 Ordinationes
713 742 926 799 rescidit,
963 759 1022 790 ac
1058 742 1274 790 decrevit
1311 752 1364 789 ut
1402 742 1583 790 Clerici

166 817 226 862 ab
252 831 310 861 eo
337 813 543 861 ordinati
567 814 774 859 redirent
795 812 863 857 ad
878 813 1088 873 yradum
1120 828 1257 874 quem
1280 818 1422 857 antea
1445 811 1582 857 habe-

165 884 295 937 hant,
329 882 405 929 vel
424 881 568 946 facta
591 896 716 927 nova
751 880 979 934 electione,
1016 880 1084 925 ad
1115 880 1483 926 consecrandum
1511 896 1562 926 ve

167 953 337 997 :ri-irent.
373 958 416 997 et
436 950 825 996 consecrationem
847 949 1137 1010 susciperent
1158 964 1215 994 ae
1238 950 1281 994 si
1295 949 1583 1010 priusfuis-

164 1027 267 1066 sent
310 1019 502 1064 minime
556 1018 786 1064 ordinati.
876 1017 953 1063 Ita
1001 1015 1152 1063 refert
1202 1015 1487 1079 Sigebertus
1534 1016 1583 1061 in

170 1085 497 1149 Chrono]ogia
534 1100 622 1132 sua
662 1084 723 1132 ad
748 1100 823 1131 an.
852 1083 966 1134 767.
1003 1083 1079 1131 cui
1106 1083 1349 1132 consentit
1376 1085 1584 1132 Anasta-

165 1154 261 1203 sius
290 1152 693 1211 Bibliothecarius
717 1151 764 1197 in
790 1151 886 1199 vita
914 1152 1149 1216 Stephani
1175 1153 1265 1199 IV.

235 1223 298 1269 R.
328 1220 566 1285 duplicem
595 1235 699 1268 esse
724 1219 1102 1283 responsionem.
1155 1220 1319 1268 Prima
1344 1231 1416 1268 est
1444 1223 1585 1268 Aux-

171 1288 237 1336 ilii
268 1289 523 1351 Scriptoris
548 1288 650 1336 fere
677 1288 912 1335 coaetanei
938 1288 1019 1351 qui
1044 1288 1127 1335 lib.
1154 1292 1201 1336 2.
1237 1306 1342 1351 cap.
1366 1293 1413 1336 4.
1454 1289 1587 1352 apud

172 1357 421 1404 Morinum
445 1357 634 1419 1³:297.
670 1356 915 1403 existimat
954 1357 1114 1419 reipsa
1151 1357 1348 1404 iteratas
1384 1356 1532 1404 fuisse
1558 1372 1588 1403 3

172 1425 420 1487 Stephano
459 1423 761 1472 Constantini
806 1423 1167 1481 Ordinationes,
1205 1435 1350 1488 prout
1394 1435 1588 1472 constat.

168 1493 225 1539 iis
251 1492 473 1540 aetatibus
497 1493 751 1539 nonnullas
783 1491 982 1539 iteratas
1003 1491 1168 1548 fuisse,
1205 1494 1290 1539 sed
1316 1492 1363 1538 in
1390 1510 1449 1540 eo
1478 1494 1589 1541 Ste-

172 1560 381 1624 phanum
408 1559 618 1624 graviter
643 1559 919 1623 deliquisse.
1016 1560 1216 1609 Auxilio
1242 1561 1459 1608 nonnulli
1493 1563 1590 1608 Re-

173 1629 412 1676 centiores
458 1628 804 1675 assentiuntur.
896 1627 1124 1675 Secunda
1171 1638 1245 1675 est
1293 1628 1488 1676 Baronii
1538 1640 1590 1676 et

172 1697 373 1744 aliorum
409 1696 669 1743 multorum
705 1696 785 1757 qui
822 1705 1023 1743 censent
1051 1696 1321 1744 Decretum
1352 1697 1589 1760 Stephani

170 1781 265 1811 non
288 1781 391 1813 esse
417 1763 785 1826 intelligendum
813 1763 874 1811 de
899 1766 1269 1812 consecratione
1294 1775 1591 1821 sacrament-

170 1832 254 1880 tali
288 1849 345 1881 ac
373 1833 564 1897 proprie
590 1832 738 1888 dicta,
775 1832 862 1879 sed
899 1832 960 1878 de
988 1833 1181 1880 Ritibus
1218 1833 1267 1878 in
1304 1834 1591 1881 reconcilia-

171 1901 302 1948 tione
330 1901 707 1956 Haereticorum,
737 1899 1164 1947 Schismaticorum
1191 1900 1453 1948 aliorumve
1491 1902 1589 1949 Ec·

173 1969 332 2015 clesiae
360 1967 688 2015 Perduellium
707 1967 927 2014 adhiberi
952 1967 1120 2015 solitis.
1155 1968 1473 2016 Verisimilior
1498 1969 1592 2018 ista

174 2035 410 2097 posterior
434 2036 675 2082 sententia
715 2034 853 2082 nobis
891 2034 1098 2093 videtur,
1142 2040 1218 2083 10·
1244 2037 1359 2100 quia
1382 2036 1498 2084 nihil
1525 2038 1591 2087 de

177 2102 576 2150 Ordinationibus
619 2102 925 2152 Constantini
973 2104 1142 2152 statuit
1187 2104 1462 2169 Stephanus
1498 2106 1590 2154 nisi

176 2172 237 2218 de
274 2187 511 2218 consensu
539 2171 796 2218 multorum
816 2171 1183 2235 Episcoporum
1209 2189 1273 2221 ex
1307 2174 1592 2234 Germania,

179 2237 338 2287 Gallia
384 2248 433 2287 et
473 2238 616 2287 Italia
655 2239 704 2286 in
753 2239 977 2289 Concilio
1011 2242 1448 2305 Congregatorum.
1519 2244 1592 2291 At

175 2306 426 2371 probabile
469 2323 564 2353 non
603 2317 676 2355 est
713 2317 787 2355 tot
814 2307 1084 2372 Episcopus
1119 2318 1290 2373 totque
1315 2310 1434 2358 alios
1461 2309 1591 2358 viros

177 2375 391 2422 eruditos
426 2391 454 2423 a
480 2374 762 2424 Traditione
799 2375 1037 2424 Ecclesiae
1064 2377 1299 2425 Romanae
1313 2377 1594 2426 descivisse.

179 2445 258 2490 20·
284 2441 443 2497 Quia
431 2441 462 2489 1i
489 2443 570 2506 qui
596 2460 624 2491 3
651 2443 970 2492 Constantino
1012 2445 1220 2493 ordinati
1254 2446 1470 2503 fuerunt,
1509 2452 1592 2509 ju-

176 2510 354 2559 bentur
393 2513 445 2557 in
467 2510 633 2558 habitu
655 2512 873 2573 reliqzoso
906 2528 1191 2591 permanere
1216 2523 1264 2561 et
1289 2514 1434 2562 vitam
1454 2514 1594 2578 spiri-

178 2578 323 2625 talem
348 2577 547 2641 degere.
615 2580 675 2627 Id
699 2596 817 2627 vero
838 2581 898 2628 ab
937 2579 998 2627 iis
1018 2581 1214 2632 minime
1237 2581 1385 2631 fuisse
1411 2599 1590 2647 expos-

179 2644 423 2701 tulatum,
460 2644 498 2692 si
522 2647 640 2694 meri
662 2647 867 2696 fuissent
890 2648 1046 2696 Laici

250 2706 472 2774 Irist.10.
511 2713 754 2763 Statutum
781 2725 856 2763 est
877 2715 926 2763 in
952 2716 1130 2764 eodem
1152 2718 1381 2768 Concilio¹
1411 2708 1592 2767 Roma-

181 2794 245 2825 no
270 2789 325 2826 ut
358 2781 520 2827 omm'a'
562 2797 671 2845 quae
704 2785 828 2831 idem
860 2783 1204 2843 Constantinus
1239 2796 1411 2849 eqerat,
1449 2790 1596 2834 itera-

183 2854 361 2903 rentur,
380 2856 556 2910 praeter
567 2865 755 2898 sacrum
768 2852 1030 2915 Baptisma
1052 2862 1097 2900 et
1110 2863 1328 2902 sanctum
1351 2854 1590 2909 Clarisma,

252 2916 314 2963 R.
338 2915 451 2962 dist.
484 2915 726 2965 Statutum
749 2930 820 2968 est
847 2930 901 2968 ut
925 2922 1083 2969 omnia
1110 2922 1402 2970 iterarentur
1426 2919 1592 2984 quoad

186 2998 324 3030 usum
349 2983 621 3046 potestatis,
661 3002 787 3034 cone.
814 2987 981 3050 quoad
1000 2989 1351 3048 characterem,
1386 3005 1491 3054 neg.

251 3049 377 3101 Inst
398 3053 479 3100 ⁴20.
515 3053 894 3103 Constantinus
881 3071 930 3100 1n
959 3061 1050 3105 sua.
1071 3056 1391 3107 Ordinatione
1420 3046 1596 3122 procul

825 3121 884 3171 M
911 3112 947 3170 3
1448 3123 1604 3175 dubio»
