1846 3250
637 172 733 221 DE
770 172 1068 227 ORDINE.
1494 173 1559 218 65

140 306 409 371 scriptum.v
462 307 512 356 Si
539 317 701 356 tamen
727 308 998 372 Episcopus
1022 307 1246 373 proprius
1269 306 1331 357 sit
1354 322 1556 371 suspen-

142 392 222 422 sus
248 391 305 423 eo
330 375 460 438 quod
489 376 707 424 Clericos
747 377 836 424 sibi
863 393 957 424 non
1000 377 1219 426 subditos
1245 375 1554 431 ordinaverit,

140 453 284 506 prout
309 443 411 490 fieri
436 454 612 507 potest,
651 455 704 492 ut
728 445 873 492 modo
897 443 1181 503 videbimus,
1206 443 1567 509 suspensioque,

137 512 200 558 sit
232 511 427 575 publica
452 529 509 560 ac
534 513 740 568 notoria,
776 522 942 577 potest
980 512 1086 578 quis
1120 516 1164 561 ei
1189 513 1412 561 subditus
1451 512 1555 559 sine

137 578 263 625 illius
289 596 526 628 consensu
568 597 626 628 ac
651 581 777 629 illius
802 580 1004 629 Litteris
1039 581 1317 629 dimissoriis
1344 579 1556 629 Ordines

138 647 198 693 ab
227 647 472 712 Episcopo
499 648 656 696 vicino
695 650 809 697 licet
846 649 1004 697 alieno
1029 650 1293 713 suscipere,
1331 665 1394 697 ex
1422 650 1554 698 Con-

137 714 249 762 cilio
275 715 593 779 Lugdunensi
618 734 725 781 cap.
752 720 797 764 2.
837 717 898 765 de
924 718 1223 781 temporibus
1250 717 1473 765 Ordinat.
1504 717 1567 763 ini

138 786 184 830 6.
222 784 403 831 Vemm
427 785 548 833 illud
575 786 820 834 Statutum
845 786 927 832 vix
953 786 1196 834 observari
1221 795 1397 849 potest,
1428 785 1555 832 Prae-

136 851 363 915 sulesque
384 854 625 901 Gallicani
650 864 848 918 propter
871 854 1301 904 incommodainde
1326 862 1557 901 secutura

137 919 185 965 in
226 920 444 968 Comitiis
483 938 561 970 an.
606 926 749 972 1645.
787 923 1033 971 universos
1075 922 1236 985 Regni
1280 921 1554 986 Episcopos
1577 929 1580 930 ’

137 998 368 1050 rogarunt
410 1007 472 1038 ne
514 1007 657 1053 quem
700 990 845 1039 etiam
888 991 938 1037 in
962 991 1056 1037 vim
1083 990 1329 1068 Rescripti
1366 987 1554 1037 romani

136 1055 240 1103 sine
282 1055 558 1106 dimissoriis
595 1068 645 1106 et
686 1058 1087 1107 testimonialibus
1112 1059 1293 1125 proprii
1320 1056 1556 1123 Episcopi

135 1123 335 1183 Litteris
361 1126 658 1175 ordinarent.

209 1193 404 1248 Quaere-s
433 1198 541 1242 130·
579 1194 685 1259 quis
708 1174 871 1259 largiri
906 1194 1058 1259 possit
1082 1195 1296 1245 Litteras
1333 1193 1553 1244 dimisso-

134 1259 230 1307 rias
254 1277 340 1308 seu
365 1261 576 1311 Litteras
603 1264 775 1327 quibus
807 1263 897 1311 sibi
921 1264 1169 1312 subditum
1193 1264 1385 1327 scriptis
1420 1263 1554 1326 sigil-

134 1327 245 1375 latis
270 1328 469 1383 dimittit
506 1332 568 1378 ad
603 1332 811 1379 alienum
838 1331 1155 1396 Episcopum,
1193 1343 1248 1381 ut
1272 1334 1332 1380 ab
1359 1348 1419 1380 eo
1445 1345 1553 1380 ton-

135 1411 296 1443 suram
320 1398 397 1444 vel
423 1398 635 1446 Ordines
658 1398 928 1462 suscipiat?

204 1464 270 1510 R·
300 1467 375 1509 IQ·
411 1482 492 1514 eas
530 1467 735 1514 concedi
776 1483 919 1531 posse
949 1468 1019 1515 ab
1058 1458 1323 1531 Episcopo,
1360 1467 1554 1525 nemine

136 1530 399 1590 diffitente‚·
434 1551 529 1582 non
554 1545 717 1583 autem
736 1536 796 1582 ab
814 1536 1220 1600 Archiepiscopo‚
1246 1553 1338 1585 nec
1357 1537 1417 1584 ab
1444 1537 1555 1584 ullis

137 1600 374 1663 Capitulis
409 1601 738 1664 Ecclesiarum
767 1603 1146 1661 Cathedralium‚
1184 1603 1223 1651 si
1251 1604 1403 1652 Sedes
1429 1603 1555 1668 epis-

135 1668 317 1731 copalis
359 1681 647 1734 occupetur,
687 1681 739 1718 ut
779 1670 985 1731 infertur
1027 1688 1090 1719 ex
1118 1688 1225 1735 cap.
1265 1671 1447 1721 Nullus
1488 1672 1551 1720 de

133 1747 351 1798 tempore
379 1737 601 1788 Ordinat.
637 1750 686 1787 et
726 1755 843 1787 sess·
867 1742 948 1788 23.
983 1756 1089 1803 cap.
1118 1744 1196 1788 10.
1229 1741 1384 1790 Cone,
1409 1741 1549 1788 Trid.

134 1803 197 1851 de
225 1804 494 1855 Reformat.

203 1873 278 1920 2.
290 1874 362 1920 Α
388 1875 584 1923 Vicario
624 1874 856 1939 generali,
894 1875 1040 1922 modo
1077 1875 1337 1939 specialem
1379 1885 1429 1923 et
1464 1892 1552 1923 ex-

133 1956 348 2003 pressam
396 1938 681 1992 facultatem
729 1945 789 1990 ab
840 1943 1086 2006 Episcopo
1135 1942 1391 2007 receperit,
1451 1960 1551 1991 non

134 2008 292 2064 aliter,
331 2025 396 2056 ex
421 2027 529 2074 cap
559 2012 674 2059 Cum
697 2010 871 2067 nullu-5,
910 2010 972 2058 de
998 2021 1217 2074 tempore
1246 2011 1468 2059 Ordinat.
1501 2013 1554 2058 in

135 2078 182 2124 6.
216 2075 306 2123 nisi
330 2076 456 2126 forte
481 2095 509 2126 a
529 2077 746 2126 Dioecesi
771 2078 1000 2127 remotior
1024 2079 1086 2126 sit
1107 2080 1380 2157 Episcopus
1406 2096 1553 2144 quam

135 2152 190 2190 ut
231 2143 275 2191 ei
316 2146 570 2208 providere
601 2146 780 2210 possit,
816 2147 1094 2212 Episcopo
1076 2166 1125 2196 m
1150 2149 1337 2198 remotis
1371 2156 1553 2214 agente,

136 2210 290 2272 inquit
317 2210 598 2262 Bonifacius
622 2215 765 2262 VIII.

146 2320 148 2322 .
202 2282 281 2325 30·
318 2283 366 2328 A
394 2283 620 2346 Capitulo
662 2281 894 2331 Ecclesiae
937 2282 1259 2343 Cathedralis,
1299 2284 1428 2334 Sede
1470 2300 1560 2339 va-v

135 2357 295 2406 cante,
330 2350 419 2398 sed
456 2351 759 2399 solummodo
785 2360 896 2415 post
920 2351 1135 2415 elapsum
1163 2353 1432 2407 vacationis
1469 2368 1555 2399 an·

133 2430 266 2473 num,
303 2427 355 2465 ut
398 2435 630 2482 expresse
667 2416 895 2467 statuitur
919 2435 946 2467 a
974 2420 1127 2469 Conc.
1155 2421 1289 2469 Trid.
1325 2437 1443 2469 sess·
1469 2422 1551 2467 23.

134 2498 242 2546 cap.
273 2487 348 2532 10.
382 2486 446 2534 de
467 2487 684 2535 Reform.
720 2488 855 2535 Intra
879 2496 1041 2535 tamen
1067 2505 1263 2548 annum,
1288 2505 1352 2537 ex
1377 2487 1554 2538 eodem

136 2550 355 2600 Concilio
380 2553 581 2615 Litterae
606 2554 886 2603 dimissoriae
916 2555 1017 2603 dari
1042 2567 1246 2620 possunt
1269 2573 1298 2605 a
1325 2555 1565 2633 Capi-tulox

135 2616 192 2662 iis
219 2618 299 2680 qui
308 2622 495 2670 arctati
518 2633 770 2681 vocantur,
808 2623 986 2687 quique
1011 2623 1136 2673 intra
1159 2642 1338 2674 annum
1363 2624 1566 2673 ratione⁴

135 2684 363 2734 beneficii
386 2690 460 2737 sui
484 2690 693 2739 Ordines
718 2692 963 2754 suscipere
990 2702 1235 2741 tenentur.
1297 2692 1554 2742 Consentit

136 2751 185 2797 in
205 2767 264 2815 ea
281 2769 333 2801 re
354 2749 464 2804 curn
480 2758 700 2807 Decreto
720 2759 1003 2809 Tridentino
1026 2761 1265 2810 Ecclesiae
1285 2760 1565 2815 Gallicanae·

139 2835 273 2867 usus.
424 2860 427 2863 r

209 2840 474 2938 Restrictio
498 2893 617 2941 Juri
627 2893 956 2944 Ecclesiarum
980 2896 1342 2954 Cathedralium
1367 2913 1397 2944 a
1416 2894 1554 2943 Trid.

138 2955 358 3019 apposita
396 2958 583 3011 locum
599 2961 767 3012 habet
788 2974 1017 3027 respectu
1050 2957 1572 3078 Episcoporum‚Sqtt;i„

1460 3046 1486 3079 e
1525 3047 1553 3078 e
