1846 3250
239 182 352 231 222
659 207 681 220 ··
714 179 1143 236 TRACTATUS
1193 181 1201 223 ἶ

240 314 605 366 Matrimonium
633 319 938 378 contrahere,
977 331 1050 370 et
1061 332 1219 370 utrum
1242 321 1361 370 illud
1400 317 1668 406 Matrinio·
1702 370 1705 374 „

238 387 371 434 nium
396 385 457 433 sit
482 402 647 434 verum
678 388 1089 437 Sacramentum?

265 453 775 512 R.10·1nfide1es‚
829 457 868 503 si
916 458 1093 521 patrias
1143 458 1304 521 Leges
1339 459 1652 516 servaverint,

238 536 422 573 verum,
460 522 647 581 ratione
683 535 977 577 contractus.
1040 526 1403 574 Matrimonium
1439 527 1566 574 inter
1600 537 1668 575 se'

241 589 554 646 contrahere,
583 591 844 639 fatentibus
870 593 1117 648 omnibus;
1154 592 1300 655 idque
1341 595 1537 642 evidens
1561 606 1653 651 est,

241 673 352 703 cum
400 656 482 705 illa
523 658 637 704 unio
673 676 766 706 nec
808 676 836 708 a
877 662 1004 716 Deo,
1065 677 1158 707 nec
1193 663 1252 707 ab
1292 661 1512 709 Ecclesia
1547 679 1652 726 quae

239 724 439 773 aliunde
483 725 599 772 nihil
651 727 774 789 juris
832 728 979 776 habet
1014 729 1062 774 in
1100 728 1326 792 conjugia
1359 730 1653 778 Infidelium.

236 793 485 856 prohibita
505 794 581 841 sit.

303 862 370 908 R.
407 864 471 908 20·
525 862 759 924 ejusmodi
818 863 1043 932 conjugia
1103 863 1402 914 Sacramenti
1461 864 1656 936 proprie

240 927 360 976 dicti
383 930 616 977 rationem
644 943 737 977 non
764 932 964 1008 habere,
1005 948 1115 978 cum
1159 948 1301 980 nemo
1327 942 1439 981 ante
1470 930 1655 997 Baptis-

239 1007 369 1079 mum
395 998 457 1045 sit
484 993 785 1046 Sacramenti
808 999 997 1062 pioprie
1023 999 1139 1046 dicti
1167 1017 1340 1064 capax.

307 1067 376 1111 30·
415 1066 651 1129 ConJugia
675 1068 761 1113 illa
794 1079 904 1114 sunt
947 1079 1107 1114 tamen
1151 1067 1673 1116 Sacramentum-latim

238 1132 542 1195 orifluodam
585 1151 745 1187 sensu,
784 1135 895 1197 quia
937 1135 1095 1182 omnia
1138 1136 1452 1183 Matrimonia
1489 1145 1652 1198 poste-

237 1214 400 1247 rorum
446 1197 626 1249 Adami
667 1203 965 1249 Matrimonii
1014 1213 1409 1266 protoparentum
1446 1204 1651 1266 aliquam

236 1262 477 1316 1ationem
513 1270 859 1333 participant.
930 1271 1296 1318 Matrimonium
1332 1287 1448 1318 vero
1489 1280 1655 1334 proto-

236 1346 510 1398 parentum,
571 1353 636 1384 ex
701 1337 859 1392 dictis,
922 1339 1288 1386 Sacramentum
1347 1338 1438 1386 fuit
1496 1337 1655 1385 latiori

233 1419 398 1459 sensu,
435 1414 672 1467 quatenus
733 1404 960 1453 unionem
1020 1406 1197 1454 Christi
1257 1423 1367 1454 cum
1429 1406 1655 1455 Ecclesia

234 1473 614 1543 repraesentavit.
897 1493 899 1496 ¹

310 1540 499 1596 Quoeres
524 1546 590 1588 5
627 1557 687 1588 an
713 1539 1079 1588 Matrimonium
1105 1558 1134 1589 a
1158 1542 1346 1590 duobus
1371 1540 1654 1591 Infidelibus

236 1623 324 1655 seu
382 1623 479 1655 non
522 1608 794 1686 baptizat-iS,
823 1613 968 1669 Juxta
1002 1610 1180 1672 patrias
1222 1612 1385 1674 Leges
1433 1621 1653 1659 contrac-

208 1698 210 1701 .
235 1685 356 1753 tum,
394 1691 453 1723 eo
478 1675 584 1740 ipso
606 1672 669 1724 ad
684 1676 926 1743 rationem
974 1677 1274 1725 Sacramenti
1311 1689 1547 1742 assurgat,
1573 1678 1664 1725 vel

236 1743 284 1789 in
321 1743 492 1801 altero,
529 1759 641 1791 cum
691 1760 828 1802 unus,
866 1743 941 1791 vel
988 1744 1036 1791 in
1084 1755 1306 1810 utroque,
1362 1763 1471 1794 cum
1508 1747 1653 1794 ambo

233 1811 570 1930 balstitizantur
559 1812 582 1844 ⁹
777 1848 780 1850 v

303 1881 367 1930 R·
405 1880 471 1937 id
479 1895 668 1942 negare
685 1895 790 1934 eos„
811 1896 986 1933 omnes
1013 1880 1115 1945 qui
1128 1881 1456 1952 contendunt
1479 1881 1661 1931 Sagra«

235 1945 389 1995 menti
428 1947 730 1996 Matrimonii
768 1949 1044 1998 Ministrum
1085 1954 1204 1998 esse
1232 1951 1562 2008 Sacerdotem,
1599 1959 1653 1999 et

235 2015 439 2064 sormam
467 2033 573 2065 esse
598 2018 758 2065 ver·ba
777 2034 805 2065 a
845 2018 1113 2067 Sacerdote
1153 2015 1372 2083 prolata-2
1410 2036 1517 2083 quae
1552 2019 1667 2082 qui--

235 2084 347 2131 dem
383 2082 645 2133 sententia
657 2086 950 2152 probabilior
986 2098 1075 2142 est,
1130 2098 1181 2135 ut
1235 2088 1372 2135 infra
1417 2088 1668 2135 dicemus.'

237 2151 456 2199 Alterius
481 2169 595 2200 vero
613 2154 871 2201 sententiae
897 2156 1095 2205 Patroni
1118 2155 1167 2202 id
1192 2157 1386 2204 omnino
1409 2155 1649 2204 incertum

235 2230 341 2267 esse
366 2230 556 2288 putant,
584 2231 646 2268 ut
664 2222 793 2285 quod
820 2239 848 2269 a
871 2218 983 2271 Deo
1005 2222 1233 2286 pendeat,
1261 2224 1340 2287 qui
1364 2224 1478 2272 satis
1503 2239 1561 2272 ea
1585 2224 1648 2271 de

233 2300 294 2336 re'
311 2289 609 2337 voluntatem
633 2306 767 2337 suam
793 2307 889 2337 non
915 2292 1250 2339 manifestavit.
1662 2309 1665 2313 ·

263 2389 266 2393 ‹
300 2357 496 2413 Quaeres
521 2361 586 2405 6⁰·
621 2374 679 2405 an
720 2358 992 2406 Infidelium
1036 2360 1252 2417 istorum,
1288 2358 1326 2405 si
1361 2368 1648 2407 convertan-

235 2434 329 2481 tur,
368 2424 682 2473 Matrimonia
705 2426 750 2472 in
776 2426 902 2473 facie
929 2427 1164 2475 Ecclesiae
1188 2437 1239 2475 et
1264 2443 1374 2474 cum
1417 2427 1648 2475 benedic-

235 2493 367 2541 tione
392 2493 594 2557 nuptiali
619 2493 711 2541 sint
737 2494 956 2542 iteranda
969 2496 989 2548 v?

301 2562 366 2608 R.
403 2562 511 2609 Nec
547 2562 677 2625 apud
705 2561 793 2610 SS.
836 2563 934 2609 ΡΡ.
973 2579 1066 2610 nec
1104 2561 1150 2608 in
1197 2561 1426 2611 Conciliis
1463 2562 1646 2626 legitur

233 2627 282 2674 id
337 2629 448 2675 olim
483 2629 633 2677 fuisse
667 2630 955 2687 factitatum,
1009 2646 1102 2677 nec
1152 2631 1295 2678 etiam
1348 2631 1467 2678 illud
1515 2630 1646 2694 apud

237 2695 387 2743 Indos
413 2707 462 2744 et
490 2696 715 2745 Sinenses
741 2698 913 2746 nostris
956 2698 1251 2761 temporibus
1276 2715 1304 2746 a
1330 2699 1647 2746 Missionariiss

234 2764 529 2811 observatur.
615 2767 697 2813 Ab
739 2765 1104 2828 agendiratione
1136 2766 1224 2813 ¹illa
1255 2784 1349 2813 non
1376 2783 1481 2814 esse
1505 2780 1661 2814 rece-v

233 2831 463 2889 dendum,
500 2848 593 2880 nec
640 2833 843 2895 proinde
889 2833 1217 2890 Matrimonia,
1256 2835 1316 2882 de
1356 2834 1529 2897 quibus
1563 2832 1661 2880 hic⁴

234 2900 410 2962 agitur,
436 2915 552 2948 esse
565 2900 613 2947 in
634 2901 759 2948 facie
778 2901 1012 2956 Ecclesiae
1037 2902 1270 2959 iteranda,
1289 2902 1503 2958 sentiunt
1520 2901 1643 2964 Fag-

230 2983 412 3027 nanus,
439 2968 700 3039 Navarrus,
737 2986 857 3032 quos
894 2969 1111 3032 sequitur
1149 2970 1367 3020 Collator
1404 2967 1657 3018 Parisien-

1556 3034 1636 3095 sis,
