<?xml version="1.0" encoding="UTF-8"?>
<!DOCTYPE html PUBLIC "-//W3C//DTD XHTML 1.0 Transitional//EN"
    "http://www.w3.org/TR/xhtml1/DTD/xhtml1-transitional.dtd">
<html xmlns="http://www.w3.org/1999/xhtml" xml:lang="en" lang="en">
 <head>
  <title>
</title>
<meta http-equiv="Content-Type" content="text/html;charset=utf-8" />
  <meta name='ocr-system' content='tesseract 3.04.00' />
  <meta name='ocr-capabilities' content='ocr_page ocr_carea ocr_par ocr_line ocrx_word'/>
</head>
<body>
  <div class='ocr_page' id='page_1' title='image "./theologica00bailuoft_0046.png"; bbox 0 0 1846 3250; ppageno 0'>
   <div class='ocr_carea' id='block_1_1' title="bbox 249 147 1167 199">
    <p class='ocr_par' dir='ltr' id='par_1_1' title="bbox 249 147 1167 199">
     <span class='ocr_line' id='line_1_1' title="bbox 249 147 1167 199; baseline 0.004 -5"><span class='ocrx_word' id='word_1_1' title='bbox 249 147 314 195; x_wconf 75' lang='lat'>42</span> <span class='ocrx_word' id='word_1_2' title='bbox 739 147 1167 199; x_wconf 85' lang='lat' dir='ltr'><strong>TRACTATUS</strong></span> 
     </span>
    </p>
   </div>
   <div class='ocr_carea' id='block_1_2' title="bbox 231 282 1664 2934">
    <p class='ocr_par' dir='ltr' id='par_1_2' title="bbox 231 282 1664 2784">
     <span class='ocr_line' id='line_1_2' title="bbox 251 282 1664 349; baseline 0.001 -18"><span class='ocrx_word' id='word_1_3' title='bbox 251 282 410 331; x_wconf 85' lang='lat' dir='ltr'>Graeci</span> <span class='ocrx_word' id='word_1_4' title='bbox 460 283 798 340; x_wconf 80' lang='lat' dir='ltr'><strong>discesserant,</strong></span> <span class='ocrx_word' id='word_1_5' title='bbox 836 300 946 334; x_wconf 90' lang='lat' dir='ltr'>cum</span> <span class='ocrx_word' id='word_1_6' title='bbox 986 295 1164 342; x_wconf 86' lang='lat' dir='ltr'>tamen,</span> <span class='ocrx_word' id='word_1_7' title='bbox 1201 284 1316 349; x_wconf 87' lang='lat' dir='ltr'>ipsis</span> <span class='ocrx_word' id='word_1_8' title='bbox 1356 285 1664 339; x_wconf 82' lang='lat' dir='ltr'>consentien-</span> 
     </span>
     <span class='ocr_line' id='line_1_3' title="bbox 247 351 1662 417; baseline 0.002 -21"><span class='ocrx_word' id='word_1_9' title='bbox 247 352 393 408; x_wconf 75' lang='lat' dir='ltr'>tibus,</span> <span class='ocrx_word' id='word_1_10' title='bbox 433 351 545 400; x_wconf 88' lang='lat' dir='ltr'>nnio</span> <span class='ocrx_word' id='word_1_11' title='bbox 577 352 885 401; x_wconf 89' lang='lat' dir='ltr'>Arminorum</span> <span class='ocrx_word' id='word_1_12' title='bbox 930 354 1193 417; x_wconf 80' lang='lat' dir='ltr'>subsecuta</span> <span class='ocrx_word' id='word_1_13' title='bbox 1231 354 1395 411; x_wconf 85' lang='lat' dir='ltr'>fuerit,</span> <span class='ocrx_word' id='word_1_14' title='bbox 1434 366 1662 403; x_wconf 83' lang='lat' dir='ltr'>censetur</span> 
     </span>
     <span class='ocr_line' id='line_1_4' title="bbox 245 419 1661 486; baseline 0.002 -21"><span class='ocrx_word' id='word_1_15' title='bbox 245 420 333 479; x_wconf 29' lang='lat' dir='ltr'>illa,</span> <span class='ocrx_word' id='word_1_16' title='bbox 353 419 499 467; x_wconf 85' lang='lat' dir='ltr'>totius</span> <span class='ocrx_word' id='word_1_17' title='bbox 528 420 734 469; x_wconf 90' lang='lat' dir='ltr'>Concilii</span> <span class='ocrx_word' id='word_1_18' title='bbox 759 421 950 469; x_wconf 90' lang='lat' dir='ltr'>nomine</span> <span class='ocrx_word' id='word_1_19' title='bbox 976 423 1274 471; x_wconf 89' lang='lat' dir='ltr'>confirmata.</span> <span class='ocrx_word' id='word_1_20' title='bbox 1312 423 1457 472; x_wconf 86' lang='lat' dir='ltr'>Unde</span> <span class='ocrx_word' id='word_1_21' title='bbox 1483 424 1529 469; x_wconf 92' lang='lat' dir='ltr'>in</span> <span class='ocrx_word' id='word_1_22' title='bbox 1555 423 1661 486; x_wconf 87' lang='lat' dir='ltr'>ipso</span> 
     </span>
     <span class='ocr_line' id='line_1_5' title="bbox 246 487 1660 554; baseline 0.003 -19"><span class='ocrx_word' id='word_1_23' title='bbox 246 488 467 535; x_wconf 87' lang='lat' dir='ltr'>Decreto</span> <span class='ocrx_word' id='word_1_24' title='bbox 510 487 703 547; x_wconf 89' lang='lat' dir='ltr'>dicitur,</span> <span class='ocrx_word' id='word_1_25' title='bbox 741 505 878 538; x_wconf 89' lang='lat' dir='ltr'>sacro</span> <span class='ocrx_word' id='word_1_26' title='bbox 921 492 1222 554; x_wconf 80' lang='lat' dir='ltr'>approbante</span> <span class='ocrx_word' id='word_1_27' title='bbox 1273 492 1508 547; x_wconf 81' lang='lat' dir='ltr'>Concilio,</span> <span class='ocrx_word' id='word_1_28' title='bbox 1547 492 1660 539; x_wconf 81' lang='lat' dir='ltr'>data</span> 
     </span>
     <span class='ocr_line' id='line_1_6' title="bbox 246 556 1659 622; baseline 0 -20"><span class='ocrx_word' id='word_1_29' title='bbox 246 556 473 603; x_wconf 77' lang='lat' dir='ltr'>Armenis</span> <span class='ocrx_word' id='word_1_30' title='bbox 499 556 769 614; x_wconf 82' lang='lat' dir='ltr'>instructio,</span> <span class='ocrx_word' id='word_1_31' title='bbox 796 563 883 606; x_wconf 74' lang='grc' dir='ltr'>διε.</span> <span class='ocrx_word' id='word_1_32' title='bbox 919 560 1126 622; x_wconf 79' lang='lat' dir='ltr'>Insuper</span> <span class='ocrx_word' id='word_1_33' title='bbox 1146 559 1263 607; x_wconf 86' lang='lat' dir='ltr'>licet</span> <span class='ocrx_word' id='word_1_34' title='bbox 1283 559 1387 607; x_wconf 88' lang='lat' dir='ltr'>haec</span> <span class='ocrx_word' id='word_1_35' title='bbox 1407 558 1659 607; x_wconf 81' lang='lat' dir='ltr'>instructio</span> 
     </span>
     <span class='ocr_line' id='line_1_7' title="bbox 241 624 1661 692; baseline 0.002 -23"><span class='ocrx_word' id='word_1_36' title='bbox 241 624 390 672; x_wconf 83' lang='lat' dir='ltr'>solius</span> <span class='ocrx_word' id='word_1_37' title='bbox 416 636 542 672; x_wconf 86' lang='lat' dir='ltr'>esset</span> <span class='ocrx_word' id='word_1_38' title='bbox 562 626 610 673; x_wconf 91' lang='lat' dir='ltr'>S.</span> <span class='ocrx_word' id='word_1_39' title='bbox 636 626 899 683; x_wconf 83' lang='lat' dir='ltr'>Pontificis,</span> <span class='ocrx_word' id='word_1_40' title='bbox 921 626 1014 673; x_wconf 85' lang='lat' dir='ltr'>vim</span> <span class='ocrx_word' id='word_1_41' title='bbox 1040 627 1297 675; x_wconf 83' lang='lat' dir='ltr'>maximam</span> <span class='ocrx_word' id='word_1_42' title='bbox 1324 628 1452 692; x_wconf 84' lang='lat' dir='ltr'>apud</span> <span class='ocrx_word' id='word_1_43' title='bbox 1481 628 1661 676; x_wconf 84' lang='lat' dir='ltr'>Catho-</span> 
     </span>
     <span class='ocr_line' id='line_1_8' title="bbox 241 692 1657 753; baseline 0.003 -16"><span class='ocrx_word' id='word_1_44' title='bbox 241 692 363 740; x_wconf 79' lang='lat' dir='ltr'>licos</span> <span class='ocrx_word' id='word_1_45' title='bbox 389 709 553 740; x_wconf 86' lang='lat' dir='ltr'>omnes</span> <span class='ocrx_word' id='word_1_46' title='bbox 578 693 668 741; x_wconf 91' lang='lat' dir='ltr'>sibi</span> <span class='ocrx_word' id='word_1_47' title='bbox 694 694 938 743; x_wconf 88' lang='lat' dir='ltr'>vindicare</span> <span class='ocrx_word' id='word_1_48' title='bbox 965 695 1129 753; x_wconf 89' lang='lat' dir='ltr'>debet,</span> <span class='ocrx_word' id='word_1_49' title='bbox 1168 712 1279 744; x_wconf 88' lang='lat' dir='ltr'>cum</span> <span class='ocrx_word' id='word_1_50' title='bbox 1308 697 1455 744; x_wconf 85' lang='lat' dir='ltr'>totius</span> <span class='ocrx_word' id='word_1_51' title='bbox 1482 694 1657 745; x_wconf 83' lang='lat' dir='ltr'>Conci-</span> 
     </span>
     <span class='ocr_line' id='line_1_9' title="bbox 241 760 1184 827; baseline 0.006 -21"><span class='ocrx_word' id='word_1_52' title='bbox 241 760 292 806; x_wconf 87' lang='lat' dir='ltr'>]ii</span> <span class='ocrx_word' id='word_1_53' title='bbox 320 777 556 809; x_wconf 89' lang='lat' dir='ltr'>consensu</span> <span class='ocrx_word' id='word_1_54' title='bbox 583 761 771 810; x_wconf 88' lang='lat' dir='ltr'>firmata</span> <span class='ocrx_word' id='word_1_55' title='bbox 794 764 853 811; x_wconf 86' lang='lat' dir='ltr'>sit</span> <span class='ocrx_word' id='word_1_56' title='bbox 880 779 937 811; x_wconf 91' lang='lat' dir='ltr'>ac</span> <span class='ocrx_word' id='word_1_57' title='bbox 964 765 1184 827; x_wconf 88' lang='lat' dir='ltr'>probata.</span> 
     </span>
     <span class='ocr_line' id='line_1_10' title="bbox 240 828 1660 896; baseline 0.001 -18"><span class='ocrx_word' id='word_1_58' title='bbox 240 838 243 842; x_wconf 60' lang='lat'><strong>⁴</strong></span> <span class='ocrx_word' id='word_1_59' title='bbox 314 828 468 878; x_wconf 75' lang='lat' dir='ltr'>Aliter</span> <span class='ocrx_word' id='word_1_60' title='bbox 492 830 639 894; x_wconf 74' lang='lat' dir='ltr'>igitur</span> <span class='ocrx_word' id='word_1_61' title='bbox 662 832 928 896; x_wconf 75' lang='lat' dir='ltr'>respondeo,</span> <span class='ocrx_word' id='word_1_62' title='bbox 968 831 1197 880; x_wconf 88' lang='lat' dir='ltr'>videlicet</span> <span class='ocrx_word' id='word_1_63' title='bbox 1224 830 1497 896; x_wconf 85' lang='lat' dir='ltr'>Eugenium</span> <span class='ocrx_word' id='word_1_64' title='bbox 1523 832 1660 879; x_wconf 86' lang='lat' dir='ltr'>volu-</span> 
     </span>
     <span class='ocr_line' id='line_1_11' title="bbox 242 897 1660 962; baseline 0.004 -21"><span class='ocrx_word' id='word_1_65' title='bbox 242 897 336 945; x_wconf 86' lang='lat' dir='ltr'>isse</span> <span class='ocrx_word' id='word_1_66' title='bbox 362 897 516 944; x_wconf 89' lang='lat' dir='ltr'>solum</span> <span class='ocrx_word' id='word_1_67' title='bbox 535 898 779 962; x_wconf 87' lang='lat' dir='ltr'>assignare</span> <span class='ocrx_word' id='word_1_68' title='bbox 798 900 1048 947; x_wconf 81' lang='lat' dir='ltr'>materiam</span> <span class='ocrx_word' id='word_1_69' title='bbox 1067 900 1263 948; x_wconf 81' lang='lat' dir='ltr'>Ordinis</span> <span class='ocrx_word' id='word_1_70' title='bbox 1289 900 1660 955; x_wconf 85' lang='lat' dir='ltr'>accidentalem,</span> 
     </span>
     <span class='ocr_line' id='line_1_12' title="bbox 241 966 1658 1031; baseline 0.003 -20"><span class='ocrx_word' id='word_1_71' title='bbox 241 966 581 1019; x_wconf 72' lang='lat' dir='ltr'>accessorium,</span> <span class='ocrx_word' id='word_1_72' title='bbox 618 968 694 1014; x_wconf 86' lang='lat' dir='ltr'>vel</span> <span class='ocrx_word' id='word_1_73' title='bbox 719 967 1060 1031; x_wconf 89' lang='lat' dir='ltr'>integrantem‚</span> <span class='ocrx_word' id='word_1_74' title='bbox 1088 984 1173 1016; x_wconf 86' lang='lat' dir='ltr'>sen</span> <span class='ocrx_word' id='word_1_75' title='bbox 1197 968 1362 1016; x_wconf 88' lang='lat' dir='ltr'>Ritum</span> <span class='ocrx_word' id='word_1_76' title='bbox 1385 985 1481 1031; x_wconf 93' lang='lat' dir='ltr'>quo</span> <span class='ocrx_word' id='word_1_77' title='bbox 1506 967 1658 1015; x_wconf 84' lang='lat' dir='ltr'>voluit</span> 
     </span>
     <span class='ocr_line' id='line_1_13' title="bbox 243 1032 1660 1085; baseline 0.003 -6"><span class='ocrx_word' id='word_1_78' title='bbox 243 1032 472 1081; x_wconf 82' lang='lat' dir='ltr'>Ecclesia</span> <span class='ocrx_word' id='word_1_79' title='bbox 513 1035 734 1083; x_wconf 87' lang='lat' dir='ltr'>Romana</span> <span class='ocrx_word' id='word_1_80' title='bbox 776 1037 1012 1084; x_wconf 89' lang='lat' dir='ltr'>variorum</span> <span class='ocrx_word' id='word_1_81' title='bbox 1042 1036 1282 1084; x_wconf 88' lang='lat' dir='ltr'>Ordinum</span> <span class='ocrx_word' id='word_1_82' title='bbox 1324 1036 1550 1085; x_wconf 83' lang='lat' dir='ltr'>effectum</span> <span class='ocrx_word' id='word_1_83' title='bbox 1578 1052 1660 1084; x_wconf 87' lang='lat' dir='ltr'>eo-</span> 
     </span>
     <span class='ocr_line' id='line_1_14' title="bbox 241 1101 1657 1168; baseline 0.003 -21"><span class='ocrx_word' id='word_1_84' title='bbox 241 1117 448 1165; x_wconf 77' lang='lat' dir='ltr'>rumque</span> <span class='ocrx_word' id='word_1_85' title='bbox 499 1101 758 1152; x_wconf 88' lang='lat' dir='ltr'>discrimen</span> <span class='ocrx_word' id='word_1_86' title='bbox 817 1104 1093 1168; x_wconf 82' lang='lat' dir='ltr'>expressius</span> <span class='ocrx_word' id='word_1_87' title='bbox 1142 1104 1406 1168; x_wconf 83' lang='lat' dir='ltr'>explicare.</span> <span class='ocrx_word' id='word_1_88' title='bbox 1508 1104 1657 1151; x_wconf 85' lang='lat' dir='ltr'>Hunc</span> 
     </span>
     <span class='ocr_line' id='line_1_15' title="bbox 240 1170 1658 1235; baseline 0.001 -19"><span class='ocrx_word' id='word_1_89' title='bbox 240 1176 405 1217; x_wconf 83' lang='lat' dir='ltr'>autem</span> <span class='ocrx_word' id='word_1_90' title='bbox 433 1170 600 1218; x_wconf 87' lang='lat' dir='ltr'>Ritum</span> <span class='ocrx_word' id='word_1_91' title='bbox 628 1173 870 1221; x_wconf 87' lang='lat' dir='ltr'>Armenos</span> <span class='ocrx_word' id='word_1_92' title='bbox 912 1173 1088 1221; x_wconf 81' lang='lat' dir='ltr'>edocet</span> <span class='ocrx_word' id='word_1_93' title='bbox 1125 1173 1391 1235; x_wconf 86' lang='lat' dir='ltr'>Eugenius,</span> <span class='ocrx_word' id='word_1_94' title='bbox 1429 1172 1538 1234; x_wconf 86' lang='lat' dir='ltr'>quia</span> <span class='ocrx_word' id='word_1_95' title='bbox 1573 1172 1658 1219; x_wconf 82' lang='lat' dir='ltr'>illo</span> 
     </span>
     <span class='ocr_line' id='line_1_16' title="bbox 237 1238 1658 1304; baseline 0.002 -20"><span class='ocrx_word' id='word_1_96' title='bbox 237 1239 489 1293; x_wconf 74' lang='lat' dir='ltr'>carebant,</span> <span class='ocrx_word' id='word_1_97' title='bbox 526 1238 716 1303; x_wconf 89' lang='lat' dir='ltr'>ipsique</span> <span class='ocrx_word' id='word_1_98' title='bbox 751 1241 1116 1304; x_wconf 85' lang='lat' dir='ltr'>postulaverant</span> <span class='ocrx_word' id='word_1_99' title='bbox 1151 1241 1385 1289; x_wconf 89' lang='lat' dir='ltr'>Ecclesiae</span> <span class='ocrx_word' id='word_1_100' title='bbox 1424 1242 1658 1289; x_wconf 85' lang='lat' dir='ltr'>Romanae</span> 
     </span>
     <span class='ocr_line' id='line_1_17' title="bbox 241 1306 1657 1373; baseline 0.002 -20"><span class='ocrx_word' id='word_1_101' title='bbox 241 1306 387 1354; x_wconf 82' lang='lat' dir='ltr'>Ritus</span> <span class='ocrx_word' id='word_1_102' title='bbox 435 1309 809 1356; x_wconf 85' lang='lat' dir='ltr'>sacramentales</span> <span class='ocrx_word' id='word_1_103' title='bbox 868 1308 1081 1367; x_wconf 84' lang='lat' dir='ltr'>edoceri,</span> <span class='ocrx_word' id='word_1_104' title='bbox 1135 1325 1193 1357; x_wconf 90' lang='lat' dir='ltr'>ac</span> <span class='ocrx_word' id='word_1_105' title='bbox 1240 1308 1559 1373; x_wconf 82' lang='lat' dir='ltr'>promiserant</span> <span class='ocrx_word' id='word_1_106' title='bbox 1604 1323 1657 1356; x_wconf 87' lang='lat' dir='ltr'>se</span> 
     </span>
     <span class='ocr_line' id='line_1_18' title="bbox 243 1374 1658 1426; baseline 0.002 -5"><span class='ocrx_word' id='word_1_107' title='bbox 243 1374 389 1422; x_wconf 78' lang='lat' dir='ltr'>Ritus</span> <span class='ocrx_word' id='word_1_108' title='bbox 430 1376 537 1422; x_wconf 89' lang='lat' dir='ltr'>illos</span> <span class='ocrx_word' id='word_1_109' title='bbox 581 1392 686 1425; x_wconf 90' lang='lat' dir='ltr'>esse</span> <span class='ocrx_word' id='word_1_110' title='bbox 713 1378 1050 1425; x_wconf 87' lang='lat' dir='ltr'>observaturos</span> <span class='ocrx_word' id='word_1_111' title='bbox 1082 1376 1288 1425; x_wconf 88' lang='lat' dir='ltr'>Minime</span> <span class='ocrx_word' id='word_1_112' title='bbox 1314 1393 1430 1426; x_wconf 85' lang='lat' dir='ltr'>vero</span> <span class='ocrx_word' id='word_1_113' title='bbox 1456 1392 1658 1425; x_wconf 88' lang='lat' dir='ltr'>necesse</span> 
     </span>
     <span class='ocr_line' id='line_1_19' title="bbox 244 1444 1657 1509; baseline 0.002 -20"><span class='ocrx_word' id='word_1_114' title='bbox 244 1453 348 1490; x_wconf 86' lang='lat' dir='ltr'>erat</span> <span class='ocrx_word' id='word_1_115' title='bbox 374 1453 426 1490; x_wconf 91' lang='lat' dir='ltr'>ut</span> <span class='ocrx_word' id='word_1_116' title='bbox 453 1444 514 1490; x_wconf 88' lang='lat' dir='ltr'>de</span> <span class='ocrx_word' id='word_1_117' title='bbox 540 1460 765 1492; x_wconf 89' lang='lat' dir='ltr'>manuum</span> <span class='ocrx_word' id='word_1_118' title='bbox 793 1445 1100 1509; x_wconf 84' lang='lat' dir='ltr'>impositione</span> <span class='ocrx_word' id='word_1_119' title='bbox 1125 1446 1325 1494; x_wconf 88' lang='lat' dir='ltr'>verbum</span> <span class='ocrx_word' id='word_1_120' title='bbox 1352 1446 1500 1493; x_wconf 90' lang='lat' dir='ltr'>ullum</span> <span class='ocrx_word' id='word_1_121' title='bbox 1525 1445 1657 1492; x_wconf 78' lang='lat' dir='ltr'>face-</span> 
     </span>
     <span class='ocr_line' id='line_1_20' title="bbox 239 1510 1658 1576; baseline 0.001 -19"><span class='ocrx_word' id='word_1_122' title='bbox 239 1522 331 1568; x_wconf 77' lang='lat' dir='ltr'>ret,</span> <span class='ocrx_word' id='word_1_123' title='bbox 359 1510 470 1575; x_wconf 84' lang='lat' dir='ltr'>qnia</span> <span class='ocrx_word' id='word_1_124' title='bbox 495 1512 635 1559; x_wconf 84' lang='lat' dir='ltr'>haec</span> <span class='ocrx_word' id='word_1_125' title='bbox 625 1529 671 1559; x_wconf 86' lang='lat' dir='ltr'>m</span> <span class='ocrx_word' id='word_1_126' title='bbox 690 1530 777 1560; x_wconf 86' lang='lat' dir='ltr'>usu</span> <span class='ocrx_word' id='word_1_127' title='bbox 803 1524 922 1561; x_wconf 87' lang='lat' dir='ltr'>tunc</span> <span class='ocrx_word' id='word_1_128' title='bbox 947 1527 1050 1562; x_wconf 89' lang='lat' dir='ltr'>erat</span> <span class='ocrx_word' id='word_1_129' title='bbox 1074 1513 1205 1576; x_wconf 88' lang='lat' dir='ltr'>apud</span> <span class='ocrx_word' id='word_1_130' title='bbox 1232 1514 1487 1560; x_wconf 70' lang='lat' dir='ltr'>Armene-s.</span> <span class='ocrx_word' id='word_1_131' title='bbox 1525 1512 1658 1560; x_wconf 88' lang='lat' dir='ltr'>Hinc</span> 
     </span>
     <span class='ocr_line' id='line_1_21' title="bbox 239 1578 1655 1644; baseline 0.001 -19.014"><span class='ocrx_word' id='word_1_132' title='bbox 239 1579 368 1625; x_wconf 79' lang='lat' dir='ltr'>i·llam</span> <span class='ocrx_word' id='word_1_133' title='bbox 396 1596 490 1627; x_wconf 83' lang='lat' dir='ltr'>non</span> <span class='ocrx_word' id='word_1_134' title='bbox 517 1578 697 1627; x_wconf 87' lang='lat' dir='ltr'>indicat</span> <span class='ocrx_word' id='word_1_135' title='bbox 724 1581 992 1643; x_wconf 87' lang='lat' dir='ltr'>Eugenius‚</span> <span class='ocrx_word' id='word_1_136' title='bbox 1019 1581 1108 1628; x_wconf 89' lang='lat' dir='ltr'>nisi</span> <span class='ocrx_word' id='word_1_137' title='bbox 1134 1580 1378 1644; x_wconf 86' lang='lat' dir='ltr'>implicite,</span> <span class='ocrx_word' id='word_1_138' title='bbox 1406 1580 1655 1628; x_wconf 89' lang='lat' dir='ltr'>remitten-</span> 
     </span>
     <span class='ocr_line' id='line_1_22' title="bbox 243 1647 1659 1712; baseline 0.001 -19"><span class='ocrx_word' id='word_1_139' title='bbox 243 1647 324 1705; x_wconf 84' lang='lat' dir='ltr'>do,</span> <span class='ocrx_word' id='word_1_140' title='bbox 363 1658 597 1711; x_wconf 86' lang='lat' dir='ltr'>qnantum</span> <span class='ocrx_word' id='word_1_141' title='bbox 639 1648 700 1696; x_wconf 89' lang='lat' dir='ltr'>ad</span> <span class='ocrx_word' id='word_1_142' title='bbox 727 1648 965 1696; x_wconf 88' lang='lat' dir='ltr'>Ordinum</span> <span class='ocrx_word' id='word_1_143' title='bbox 1003 1648 1205 1696; x_wconf 87' lang='lat' dir='ltr'>sormam</span> <span class='ocrx_word' id='word_1_144' title='bbox 1244 1649 1465 1712; x_wconf 87' lang='lat' dir='ltr'>adeoque</span> <span class='ocrx_word' id='word_1_145' title='bbox 1508 1664 1659 1712; x_wconf 89' lang='lat' dir='ltr'>quan-</span> 
     </span>
     <span class='ocr_line' id='line_1_23' title="bbox 241 1715 1656 1780; baseline 0.002 -19"><span class='ocrx_word' id='word_1_146' title='bbox 241 1726 344 1762; x_wconf 80' lang='lat' dir='ltr'>tum</span> <span class='ocrx_word' id='word_1_147' title='bbox 394 1716 457 1763; x_wconf 88' lang='lat' dir='ltr'>ad</span> <span class='ocrx_word' id='word_1_148' title='bbox 505 1715 756 1764; x_wconf 87' lang='lat' dir='ltr'>materiam</span> <span class='ocrx_word' id='word_1_149' title='bbox 805 1717 1199 1780; x_wconf 83' lang='lat' dir='ltr'>respondentem,</span> <span class='ocrx_word' id='word_1_150' title='bbox 1258 1716 1318 1764; x_wconf 89' lang='lat' dir='ltr'>ad</span> <span class='ocrx_word' id='word_1_151' title='bbox 1368 1716 1656 1764; x_wconf 85' lang='lat' dir='ltr'>Pontificale</span> 
     </span>
     <span class='ocr_line' id='line_1_24' title="bbox 237 1783 1657 1849; baseline 0.002 -20"><span class='ocrx_word' id='word_1_152' title='bbox 237 1799 510 1839; x_wconf 84' lang='lat' dir='ltr'>romanum,</span> <span class='ocrx_word' id='word_1_153' title='bbox 546 1783 593 1830; x_wconf 91' lang='lat' dir='ltr'>in</span> <span class='ocrx_word' id='word_1_154' title='bbox 633 1801 745 1847; x_wconf 87' lang='lat' dir='ltr'>quo,</span> <span class='ocrx_word' id='word_1_155' title='bbox 783 1784 954 1849; x_wconf 88' lang='lat' dir='ltr'>inquit,</span> <span class='ocrx_word' id='word_1_156' title='bbox 991 1785 1090 1833; x_wconf 86' lang='lat' dir='ltr'>late</span> <span class='ocrx_word' id='word_1_157' title='bbox 1130 1784 1421 1832; x_wconf 83' lang='lat' dir='ltr'>continetur.</span> <span class='ocrx_word' id='word_1_158' title='bbox 1493 1784 1657 1847; x_wconf 84' lang='lat' dir='ltr'>Euge-</span> 
     </span>
     <span class='ocr_line' id='line_1_25' title="bbox 238 1851 1655 1913; baseline 0.001 -16"><span class='ocrx_word' id='word_1_159' title='bbox 238 1851 370 1899; x_wconf 83' lang='lat' dir='ltr'>nium</span> <span class='ocrx_word' id='word_1_160' title='bbox 405 1869 519 1900; x_wconf 89' lang='lat' dir='ltr'>vero</span> <span class='ocrx_word' id='word_1_161' title='bbox 557 1852 692 1901; x_wconf 88' lang='lat' dir='ltr'>hisce</span> <span class='ocrx_word' id='word_1_162' title='bbox 742 1853 814 1900; x_wconf 90' lang='lat' dir='ltr'>sui</span> <span class='ocrx_word' id='word_1_163' title='bbox 853 1853 1056 1901; x_wconf 86' lang='lat' dir='ltr'>Decreti</span> <span class='ocrx_word' id='word_1_164' title='bbox 1098 1852 1256 1900; x_wconf 85' lang='lat' dir='ltr'>verbis</span> <span class='ocrx_word' id='word_1_165' title='bbox 1303 1852 1517 1900; x_wconf 87' lang='lat' dir='ltr'>noluisse</span> <span class='ocrx_word' id='word_1_166' title='bbox 1544 1863 1655 1913; x_wconf 57' lang='lat' dir='ltr'>ksta-</span> 
     </span>
     <span class='ocr_line' id='line_1_26' title="bbox 238 1920 1655 1984; baseline 0 -17"><span class='ocrx_word' id='word_1_167' title='bbox 238 1930 378 1969; x_wconf 88' lang='lat' dir='ltr'>tuere</span> <span class='ocrx_word' id='word_1_168' title='bbox 397 1921 754 1984; x_wconf 86' lang='lat' dir='ltr'>porrectionem</span> <span class='ocrx_word' id='word_1_169' title='bbox 781 1921 1207 1969; x_wconf 87' lang='lat' dir='ltr'>instrumentorum</span> <span class='ocrx_word' id='word_1_170' title='bbox 1226 1920 1528 1969; x_wconf 87' lang='lat' dir='ltr'>essentialem</span> <span class='ocrx_word' id='word_1_171' title='bbox 1549 1936 1655 1968; x_wconf 88' lang='lat' dir='ltr'>esse</span> 
     </span>
     <span class='ocr_line' id='line_1_27' title="bbox 241 1988 1655 2053; baseline 0.001 -20"><span class='ocrx_word' id='word_1_172' title='bbox 241 1988 576 2037; x_wconf 87' lang='lat' dir='ltr'>Ordinationis</span> <span class='ocrx_word' id='word_1_173' title='bbox 601 1989 851 2037; x_wconf 88' lang='lat' dir='ltr'>materiam</span> <span class='ocrx_word' id='word_1_174' title='bbox 877 1990 1031 2053; x_wconf 88' lang='lat' dir='ltr'>liquet</span> <span class='ocrx_word' id='word_1_175' title='bbox 1061 1993 1122 2037; x_wconf 85' lang='lat'>1⁰·</span> <span class='ocrx_word' id='word_1_176' title='bbox 1149 2005 1211 2036; x_wconf 87' lang='lat' dir='ltr'>ex</span> <span class='ocrx_word' id='word_1_177' title='bbox 1238 2005 1296 2036; x_wconf 89' lang='lat' dir='ltr'>eo</span> <span class='ocrx_word' id='word_1_178' title='bbox 1323 1989 1452 2053; x_wconf 89' lang='lat' dir='ltr'>quod</span> <span class='ocrx_word' id='word_1_179' title='bbox 1478 1988 1523 2034; x_wconf 92' lang='lat' dir='ltr'>in</span> <span class='ocrx_word' id='word_1_180' title='bbox 1549 1988 1655 2052; x_wconf 90' lang='lat' dir='ltr'>ipso</span> 
     </span>
     <span class='ocr_line' id='line_1_28' title="bbox 234 2055 1663 2120; baseline 0.001 -17"><span class='ocrx_word' id='word_1_181' title='bbox 234 2055 465 2104; x_wconf 68' lang='lat' dir='ltr'>&#39;Concilio</span> <span class='ocrx_word' id='word_1_182' title='bbox 516 2057 712 2104; x_wconf 88' lang='lat' dir='ltr'>Florent</span> <span class='ocrx_word' id='word_1_183' title='bbox 766 2058 843 2105; x_wconf 91' lang='lat' dir='ltr'>cni</span> <span class='ocrx_word' id='word_1_184' title='bbox 903 2057 1094 2120; x_wconf 87' lang='lat' dir='ltr'>praefuit</span> <span class='ocrx_word' id='word_1_185' title='bbox 1134 2057 1215 2105; x_wconf 89' lang='lat' dir='ltr'>ille</span> <span class='ocrx_word' id='word_1_186' title='bbox 1255 2056 1500 2114; x_wconf 83' lang='lat' dir='ltr'>Pontifex,</span> <span class='ocrx_word' id='word_1_187' title='bbox 1551 2067 1663 2104; x_wconf 81' lang='lat' dir='ltr'>rata</span> 
     </span>
     <span class='ocr_line' id='line_1_29' title="bbox 233 2124 1654 2189; baseline 0.001 -20"><span class='ocrx_word' id='word_1_188' title='bbox 233 2125 541 2189; x_wconf 64' lang='lat' dir='ltr'>‘probataque</span> <span class='ocrx_word' id='word_1_189' title='bbox 575 2124 722 2172; x_wconf 87' lang='lat' dir='ltr'>fuerit</span> <span class='ocrx_word' id='word_1_190' title='bbox 747 2126 1032 2173; x_wconf 83' lang='lat' dir='ltr'>Graecorum</span> <span class='ocrx_word' id='word_1_191' title='bbox 1060 2125 1332 2183; x_wconf 86' lang='lat' dir='ltr'>Ordinatio,</span> <span class='ocrx_word' id='word_1_192' title='bbox 1370 2140 1489 2188; x_wconf 89' lang='lat' dir='ltr'>quos</span> <span class='ocrx_word' id='word_1_193' title='bbox 1539 2127 1654 2172; x_wconf 58' lang='lat' dir='ltr'>conss</span> 
     </span>
     <span class='ocr_line' id='line_1_30' title="bbox 239 2191 1652 2256; baseline 0 -18"><span class='ocrx_word' id='word_1_194' title='bbox 239 2194 397 2239; x_wconf 78' lang='lat' dir='ltr'>stabat</span> <span class='ocrx_word' id='word_1_195' title='bbox 425 2193 526 2240; x_wconf 88' lang='lat' dir='ltr'>sola</span> <span class='ocrx_word' id='word_1_196' title='bbox 553 2209 778 2241; x_wconf 89' lang='lat' dir='ltr'>manuum</span> <span class='ocrx_word' id='word_1_197' title='bbox 805 2192 1128 2256; x_wconf 88' lang='lat' dir='ltr'>impositione,</span> <span class='ocrx_word' id='word_1_198' title='bbox 1165 2209 1257 2240; x_wconf 89' lang='lat' dir='ltr'>nec</span> <span class='ocrx_word' id='word_1_199' title='bbox 1303 2192 1400 2241; x_wconf 88' lang='lat' dir='ltr'>ulla</span> <span class='ocrx_word' id='word_1_200' title='bbox 1436 2191 1652 2239; x_wconf 85' lang='lat' dir='ltr'>adhibita</span> 
     </span>
     <span class='ocr_line' id='line_1_31' title="bbox 238 2259 1654 2326; baseline -0.001 -21"><span class='ocrx_word' id='word_1_201' title='bbox 238 2259 668 2309; x_wconf 83' lang='lat' dir='ltr'>instrumentorum</span> <span class='ocrx_word' id='word_1_202' title='bbox 696 2261 1022 2326; x_wconf 88' lang='lat' dir='ltr'>porrectione,</span> <span class='ocrx_word' id='word_1_203' title='bbox 1060 2277 1166 2308; x_wconf 88' lang='lat' dir='ltr'>esse</span> <span class='ocrx_word' id='word_1_204' title='bbox 1193 2270 1518 2309; x_wconf 85' lang='lat' dir='ltr'>consecratos.</span> <span class='ocrx_word' id='word_1_205' title='bbox 1577 2259 1654 2304; x_wconf 74' lang='lat'>20.</span> 
     </span>
     <span class='ocr_line' id='line_1_32' title="bbox 240 2328 1653 2393; baseline -0.001 -18"><span class='ocrx_word' id='word_1_206' title='bbox 240 2328 321 2375; x_wconf 84' lang='lat' dir='ltr'>Ex</span> <span class='ocrx_word' id='word_1_207' title='bbox 349 2345 407 2377; x_wconf 93' lang='lat' dir='ltr'>eo</span> <span class='ocrx_word' id='word_1_208' title='bbox 429 2329 559 2393; x_wconf 90' lang='lat' dir='ltr'>quod</span> <span class='ocrx_word' id='word_1_209' title='bbox 582 2329 853 2378; x_wconf 91' lang='lat' dir='ltr'>Concilium</span> <span class='ocrx_word' id='word_1_210' title='bbox 875 2328 1211 2376; x_wconf 89' lang='lat' dir='ltr'>Tridentinum</span> <span class='ocrx_word' id='word_1_211' title='bbox 1236 2328 1511 2375; x_wconf 71' lang='lat' dir='ltr'>florentino</span> <span class='ocrx_word' id='word_1_212' title='bbox 1537 2342 1653 2374; x_wconf 87' lang='lat' dir='ltr'>sane</span> 
     </span>
     <span class='ocr_line' id='line_1_33' title="bbox 237 2396 1649 2454; baseline -0.001 -13"><span class='ocrx_word' id='word_1_213' title='bbox 237 2412 335 2442; x_wconf 77' lang='lat' dir='ltr'>non</span> <span class='ocrx_word' id='word_1_214' title='bbox 395 2399 666 2454; x_wconf 86' lang='lat' dir='ltr'>adversum,</span> <span class='ocrx_word' id='word_1_215' title='bbox 726 2397 904 2445; x_wconf 88' lang='lat' dir='ltr'>nedum</span> <span class='ocrx_word' id='word_1_216' title='bbox 965 2398 1152 2444; x_wconf 86' lang='lat' dir='ltr'>hancce</span> <span class='ocrx_word' id='word_1_217' title='bbox 1223 2396 1649 2443; x_wconf 85' lang='lat' dir='ltr'>instrumentorum</span> 
     </span>
     <span class='ocr_line' id='line_1_34' title="bbox 236 2462 1651 2526; baseline -0.001 -17"><span class='ocrx_word' id='word_1_218' title='bbox 236 2466 598 2526; x_wconf 80' lang='lat' dir='ltr'>porrectionem</span> <span class='ocrx_word' id='word_1_219' title='bbox 627 2476 679 2513; x_wconf 92' lang='lat' dir='ltr'>ut</span> <span class='ocrx_word' id='word_1_220' title='bbox 705 2465 951 2513; x_wconf 89' lang='lat' dir='ltr'>materiam</span> <span class='ocrx_word' id='word_1_221' title='bbox 975 2463 1305 2513; x_wconf 84' lang='lat' dir='ltr'>Ordinationis</span> <span class='ocrx_word' id='word_1_222' title='bbox 1329 2462 1651 2511; x_wconf 86' lang='lat' dir='ltr'>necessariam</span> 
     </span>
     <span class='ocr_line' id='line_1_35' title="bbox 235 2530 1650 2597; baseline 0 -20"><span class='ocrx_word' id='word_1_223' title='bbox 235 2532 477 2589; x_wconf 82' lang='lat' dir='ltr'>habuerit,</span> <span class='ocrx_word' id='word_1_224' title='bbox 517 2534 629 2597; x_wconf 90' lang='lat' dir='ltr'>quin</span> <span class='ocrx_word' id='word_1_225' title='bbox 678 2533 857 2581; x_wconf 88' lang='lat' dir='ltr'>diserte</span> <span class='ocrx_word' id='word_1_226' title='bbox 904 2533 1050 2581; x_wconf 83' lang='lat' dir='ltr'>docet</span> <span class='ocrx_word' id='word_1_227' title='bbox 1096 2548 1212 2579; x_wconf 85' lang='lat' dir='ltr'>sess.</span> <span class='ocrx_word' id='word_1_228' title='bbox 1245 2534 1320 2578; x_wconf 72' lang='grc' dir='ltr'>Μ.</span> <span class='ocrx_word' id='word_1_229' title='bbox 1366 2546 1473 2595; x_wconf 87' lang='lat' dir='ltr'>cap.</span> <span class='ocrx_word' id='word_1_230' title='bbox 1500 2533 1545 2578; x_wconf 76' lang='lat'>3.</span> <span class='ocrx_word' id='word_1_231' title='bbox 1588 2530 1650 2577; x_wconf 88' lang='lat' dir='ltr'>de</span> 
     </span>
     <span class='ocr_line' id='line_1_36' title="bbox 231 2597 1651 2664; baseline -0.001 -18"><span class='ocrx_word' id='word_1_232' title='bbox 231 2598 478 2649; x_wconf 81' lang='lat' dir='ltr'>&#39;Extrema</span> <span class='ocrx_word' id='word_1_233' title='bbox 505 2601 751 2650; x_wconf 88' lang='lat' dir='ltr'>Unctione</span> <span class='ocrx_word' id='word_1_234' title='bbox 778 2602 1106 2664; x_wconf 85' lang='lat' dir='ltr'>Praesbyteros</span> <span class='ocrx_word' id='word_1_235' title='bbox 1131 2615 1218 2662; x_wconf 85' lang='lat' dir='ltr'>per</span> <span class='ocrx_word' id='word_1_236' title='bbox 1247 2606 1471 2646; x_wconf 75' lang='lat' dir='ltr'>manuum</span> <span class='ocrx_word' id='word_1_237' title='bbox 1498 2597 1651 2662; x_wconf 80' lang='lat' dir='ltr'>impo-</span> 
     </span>
     <span class='ocr_line' id='line_1_37' title="bbox 237 2665 1655 2728; baseline -0.002 -14"><span class='ocrx_word' id='word_1_238' title='bbox 237 2667 460 2715; x_wconf 84' lang='lat' dir='ltr'>sitionem</span> <span class='ocrx_word' id='word_1_239' title='bbox 499 2669 724 2728; x_wconf 85' lang='lat' dir='ltr'>ordinari,</span> <span class='ocrx_word' id='word_1_240' title='bbox 761 2669 893 2717; x_wconf 86' lang='lat' dir='ltr'>nulla</span> <span class='ocrx_word' id='word_1_241' title='bbox 927 2666 1339 2716; x_wconf 36' lang='lat' dir='ltr'>factafmentione</span> <span class='ocrx_word' id='word_1_242' title='bbox 1381 2665 1655 2714; x_wconf 83' lang='lat' dir='ltr'>traditionis</span> 
     </span>
     <span class='ocr_line' id='line_1_38' title="bbox 236 2736 1474 2784; baseline 0.003 -3"><span class='ocrx_word' id='word_1_243' title='bbox 236 2736 683 2784; x_wconf 84' lang='lat' dir='ltr'>instrumentorum.</span> <span class='ocrx_word' id='word_1_244' title='bbox 1472 2752 1474 2755; x_wconf 87' lang='grc'><strong><em>·</em></strong></span> 
     </span>
    </p>

    <p class='ocr_par' dir='ltr' id='par_1_3' title="bbox 240 2802 1657 2934">
     <span class='ocr_line' id='line_1_39' title="bbox 305 2802 1649 2868; baseline -0.004 -16"><span class='ocrx_word' id='word_1_245' title='bbox 305 2805 425 2852; x_wconf 78' lang='lat' dir='ltr'>Inst.</span> <span class='ocrx_word' id='word_1_246' title='bbox 464 2804 627 2852; x_wconf 90' lang='lat' dir='ltr'>Docet</span> <span class='ocrx_word' id='word_1_247' title='bbox 654 2804 904 2868; x_wconf 86' lang='lat' dir='ltr'>Eugenius</span> <span class='ocrx_word' id='word_1_248' title='bbox 931 2802 1175 2851; x_wconf 43' lang='lat' dir='ltr'>Ordinem*</span> <span class='ocrx_word' id='word_1_249' title='bbox 1191 2818 1278 2867; x_wconf 89' lang='lat' dir='ltr'>per</span> <span class='ocrx_word' id='word_1_250' title='bbox 1313 2803 1438 2851; x_wconf 90' lang='lat' dir='ltr'>hanc</span> <span class='ocrx_word' id='word_1_251' title='bbox 1474 2802 1649 2849; x_wconf 88' lang='lat' dir='ltr'>instru-</span> 
     </span>
     <span class='ocr_line' id='line_1_40' title="bbox 240 2869 1657 2934; baseline -0.001 -18"><span class='ocrx_word' id='word_1_252' title='bbox 240 2882 512 2919; x_wconf 80' lang='lat' dir='ltr'>mentorum</span> <span class='ocrx_word' id='word_1_253' title='bbox 551 2872 857 2920; x_wconf 78' lang='lat' dir='ltr'>traditionem</span> <span class='ocrx_word' id='word_1_254' title='bbox 896 2871 1140 2927; x_wconf 83' lang='lat' dir='ltr'>conferri;</span> <span class='ocrx_word' id='word_1_255' title='bbox 1175 2887 1295 2934; x_wconf 82' lang='lat' dir='ltr'>ergo</span> <span class='ocrx_word' id='word_1_256' title='bbox 1329 2869 1497 2918; x_wconf 77' lang='lat' dir='ltr'>definit</span> <span class='ocrx_word' id='word_1_257' title='bbox 1523 2869 1568 2915; x_wconf 90' lang='lat' dir='ltr'>in</span> <span class='ocrx_word' id='word_1_258' title='bbox 1594 2882 1657 2915; x_wconf 76' lang='lat' dir='ltr'>eo</span> 
     </span>
    </p>
   </div>
   <div class='ocr_carea' id='block_1_3' title="bbox 264 2938 1649 3068">
    <p class='ocr_par' dir='ltr' id='par_1_4' title="bbox 264 2938 1649 3068">
     <span class='ocr_line' id='line_1_41' title="bbox 264 2938 1487 3054; baseline 0.001 -68"><span class='ocrx_word' id='word_1_259' title='bbox 264 2940 360 2988; x_wconf 67' lang='lat' dir='ltr'>{itu</span> <span class='ocrx_word' id='word_1_260' title='bbox 388 2940 591 3004; x_wconf 86' lang='lat' dir='ltr'>positam</span> <span class='ocrx_word' id='word_1_261' title='bbox 618 2956 723 2989; x_wconf 85' lang='lat' dir='ltr'>esse</span> <span class='ocrx_word' id='word_1_262' title='bbox 750 2939 996 2989; x_wconf 85' lang='lat' dir='ltr'>materiam</span> <span class='ocrx_word' id='word_1_263' title='bbox 1023 2944 1124 3001; x_wconf 83' lang='lat' dir='ltr'>ejus</span> <span class='ocrx_word' id='word_1_264' title='bbox 1161 2938 1487 3054; x_wconf 45' lang='lat' dir='ltr'>essentiales}</span> 
     </span>
     <span class='ocr_line' id='line_1_42' title="bbox 1493 3020 1649 3068; baseline -0.013 -17"><span class='ocrx_word' id='word_1_265' title='bbox 1493 3039 1503 3051; x_wconf 82' lang='grc'><strong>.</strong></span> <span class='ocrx_word' id='word_1_266' title='bbox 1544 3020 1649 3068; x_wconf 66' lang='lat' dir='ltr'>neg.</span> 
     </span>
    </p>
   </div>
  </div>
 </body>
</html>
