1846 3250
527 160 624 209 DE
663 154 1163 207 MATRIMONIO.
1480 154 1601 203 275.

153 300 295 356 jussu
322 293 560 342 Ecclesiae
584 302 634 341 et
659 292 704 339 vi
740 291 993 355 praecepti,
1029 289 1118 337 sed
1156 303 1221 335 ex
1259 285 1496 350 religione
1532 297 1581 334 et

160 362 397 409 charitate
427 360 489 408 ad
515 358 869 424 dispellendam
895 354 1232 421 impedimenti
1258 353 1581 417 ignorantiam

160 445 254 492 qua
272 429 398 476 forte
423 428 647 475 laborant
666 425 846 491 sponsi,
868 435 917 473 et
942 425 1005 473 ad
1029 422 1390 488 impediendam
1411 423 1583 470 Sacra-

164 495 312 545 menti
337 495 745 559 profanationem.

236 630 318 679 De
339 629 397 679 iis
423 630 585 695 quibus
611 628 915 678 Matrimonii
935 626 1261 691 impedimenta
1286 622 1490 689 revelari

766 696 979 744 debeant.
1117 700 1119 702 ’

227 831 278 880 Si
314 831 716 896 impedimentum
743 847 805 878 ex
831 840 1005 879 natura
1027 837 1113 876 sua
1137 825 1387 890 publicum
1426 825 1486 873 sit
1523 834 1579 873 ut·

157 899 403 962 cognatio,
425 900 645 955 affinitas,
682 899 869 962 sponsis
894 909 977 946 aut
997 894 1278 959 parentibus
1305 910 1472 940 eorum
1500 909 1576 940 or·

156 966 342 1013 dinarie
390 966 735 1014 declarandum
784 964 876 1014 est.
959 964 1009 1012 Si
1056 972 1219 1026 partes
1265 959 1578 1008 nihilominus

155 1033 514 1080 matrimonium
556 1033 659 1080 sine
696 1030 1059 1095 dispensatione
1091 1028 1381 1077 contrahere
1406 1027 1578 1083 velint,

154 1106 232 1148 res
258 1100 587 1148 denuntianda
605 1109 681 1147 est
706 1099 945 1155 Parocho‚
973 1108 1020 1146 et
1047 1096 1291 1144 interdum
1311 1095 1577 1159 Episcopo,

148 1168 188 1214 si
251 1168 518 1227 Parochus,
570 1166 744 1232 spretis
796 1166 999 1231 regulis,
1049 1164 1355 1213 matrimonio
1408 1163 1575 1210 favere

159 1234 293 1283 velit.
573 1287 575 1289 ,
895 1262 900 1267 ,
946 1235 948 1237 ’

223 1303 273 1353 si
299 1317 414 1350 vero
433 1301 833 1366 impedimentum
858 1301 921 1350 sit
940 1301 1209 1356 occultum,
1246 1308 1296 1346 et
1322 1314 1385 1347 ex
1412 1294 1572 1345 crimi-

154 1385 234 1428 ne,
283 1387 329 1416 v.
358 1387 406 1433 g.
442 1369 633 1418 incestu
679 1369 950 1433 proveniat,
1001 1367 1240 1416 servanda
1281 1376 1356 1414 est
1401 1365 1574 1428 regula

154 1453 300 1504 quam
325 1437 373 1483 in
400 1453 633 1502 responso
666 1437 723 1485 ad
753 1437 1006 1501 quaesitum
1046 1435 1243 1483 tertium
1268 1433 1572 1497 praecedens,

151 1504 235 1551 ubi
278 1503 340 1552 de
380 1504 733 1569 impedimento
770 1505 983 1564 occulto,
1028 1503 1175 1569 paulo
1215 1512 1361 1550 antea
1405 1499 1575 1548 retuli-

152 1587 275 1619 mus.

215 1708 297 1761 De
329 1707 390 1757 iis
412 1724 517 1773 quoe
550 1708 769 1767 Paroa-ho
797 1705 1068 1775 prce-§tanda
1102 1710 1226 1768 sunt,
1262 1721 1362 1758 cum
1398 1709 1503 1773 quis

589 1778 767 1827 obsistit
802 1777 1129 1826 Matrimonio.

213 1905 497 1975 Dupli'cit‘er‘
522 1920 683 1975 potest
709 1911 815 1975 quis
851 1910 1160 1960 matrimonio
1196 1910 1449 1967 obsistere,
1493 1910 1569 1957 10·

149 1977 234 2025 via>
249 1978 574 2037 revelationis,
612 1994 725 2027 cum
762 1979 992 2027 videlicet-
1017 1979 1235 2027 declarat
1277 1978 1572 2026 contrahen-

147 2055 222 2092 tes
248 2045 410 2109 aliquo
430 2046 567 2109 ligari
592 2046 959 2110 impedimento,
986 2049 1063 2093 2⁰·
1087 2046 1165 2094 via
1188 2045 1567 2105 intercessionis,

149 2111 343 2174 gallice,
373 2129 471 2176 par
493 2114 539 2162 la
555 2114 665 2170 ¹'voie
687 2114 1041 2180 de'opposition.

151 2187 154 2189 ’
223 2179 502 2235 Quoeres10·
538 2181 655 2245 quid
697 2182 919 2229 Far-ocho
959 2182 1284 2246 praestandum
1328 2180 1407 2236 sit,
1452 2197 1567 2229 cum

150 2246 256 2308 quis
304 2248 609 2301 matrimonio
649 2265 738 2313 per
772 2249 1043 2314 simplicem
1089 2250 1216 2312 viam
1258 2248 1568 2300 revelationis

150 2312 376 2363 obsistit?

171 2446 181 2456 ·
220 2380 286 2427 R.
327 2379 625 2445 exigendum
653 2401 759 2434 esse
783 2400 812 2433 a
835 2386 1086 2433 revelante
1110 2395 1162 2433 ut
1187 2400 1322 2432 suam
1350 2383 1569 2432 declara·

147 2457 328 2522 tionem
363 2449 686 2500 instrumento
722 2451 905 2515 scripto
948 2453 1220 2516 consignet,
1261 2468 1357 2515 quo
1395 2451 1570 2515 proba-

150 2525 307 2562 tiones
332 2514 663 2578 impedimenti
690 2520 1047 2568 contineantur.
1102 2520 1351 2567 Pal-ochus
1370 2520 1569 2583 insuper

155 2596 325 2629 curare
351 2583 497 2633 debet
522 2597 573 2634 ut
600 2588 704 2636 haec
731 2587 1013 2643 declaratio,
1050 2588 1087 2635 si
1113 2582 1217 2635 fieri
1242 2596 1421 2650 potest,
1448 2587 1569 2633 duo·

155 2650 493 2725 rum-testium
520 2654 845 2720 chirographo
870 2655 1129 2703 muniatur.
1200 2655 1346 2707 Quod
1389 2654 1425 2701 si
1465 2655 1568 2701 De-

148 2726 398 2764 nuntiatur
442 2719 539 2768 fide
576 2738 681 2769 non
729 2722 924 2770 omnino
971 2722 1198 2786 indignus
1245 2721 1294 2768 id
1337 2717 1568 2785 praestare

148 2783 375 2842 noluerit,
411 2802 503 2834 nec
545 2789 852 2838 revelationis
897 2790 1081 2838 falsitas
1130 2799 1265 2837 certo
1302 2795 1567 2852 'comperta

150 2849 405 2907 habeatur,
429 2852 691 2914 Parechus‚
717 2856 951 2922 inquith.
969 2858 1173 2906 Carolus
1198 2872 1304 2921 syn.
1331 2860 1379 2903 3.
1403 2873 1483 2902 nec
1501 2855 1567 2902 ad

149 2918 436 2970 matrimonii
458 2921 802 2974 celebrationem
818 2924 909 2974 ‘nec
947 2926 1014 2975 ad
1049 2923 1189 2974 aliam
1224 2917 1565 2988 progrediatur

251 3001 254 3009 ¹
324 3003 329 3008 ’
1169 2989 1560 3040 denuntiationem
