1846 3250
513 140 609 189 DE
648 139 1149 189 MATRVIMONIO.
1472 142 1599 200 271„

129 273 487 325 matrimonium
525 275 795 331 celebrare,
853 273 1085 338 frausque
1126 272 1215 321 in
1228 272 1558 339 suspicionem

128 345 330 400 veniret,
368 341 500 404 exigi
525 341 675 391 debet
699 341 981 390 testificatio
1021 340 1182 405 sigillo
1218 332 1451 406 Episcopi
1477 342 1552 390 vel

128 414 158 460 J
166 410 318 461 udicis
342 409 543 467 munita,
581 419 633 457 ut
659 410 820 458 nullus
845 410 909 458 de
951 408 1215 459 testimonii
1246 408 1558 474 legitimitate

131 475 382 528 dubitandi
407 477 545 541 locus
568 476 648 525 sit.

554 612 636 661 De
667 609 924 660 bannorum
935 613 1123 674 forma.

201 740 582 799 10·'1nsbannis
627 745 834 810 exprimi
893 745 1079 804 debent
1131 758 1330 806 nomen,
1382 745 1566 810 ρειῐϊῖὲι

131 815 387 873 Parochia,
436 813 674 875 conditio
702 830 792 867 seu
836 812 1126 878 professio
1134 812 1558 891 contrahentium,

129 893 179 932 et
204 888 374 939 eorum
399 899 462 931 ex
489 872 662 945 quibus
685 882 788 930 nati
826 891 940 930 sunt
977 891 1061 929 aut
1096 881 1198 930 nati
1219 892 1330 943 esse
1355 897 1561 930 censen-

129 961 224 1000 tur.
282 950 346 999 Si
361 950 434 1014 de
459 949 603 1012 vidua
626 965 785 1001 sermo
808 950 912 1007 sit,
926 947 1110 998 mentio
1136 948 1257 1009 -fteri
1295 948 1446 1008 debet
1493 937 1568 997 de

128 1010 277 1082 priori
322 1017 514 1067 marito.
609 1017 661 1065 Si
682 1027 823 1081 pater
845 1017 924 1064 vel
947 1025 1105 1069 mater
1123 1014 1223 1065 vita
1243 1004 1403 1066 functi
1425 1026 1564 1077 sunt,

130 1084 393 1134 dicendum
418 1094 511 1143 est,
522 1082 668 1147 filius
687 1084 761 1134 vel
770 1084 890 1149 filza
910 1083 1026 1133 talis
1047 1072 1271 1149 dqfhhcti.

197 1154 282 1199 20·
321 1151 372 1201 si
396 1168 600 1229 sponsus
642 1161 859 1216 uterque
887 1162 971 1200 aut
1013 1152 1274 1200 alteruter
1292 1167 1357 1200 ex
1399 1136 1560 1215 illegi-

131 1218 248 1268 timo
264 1219 579 1268 matrimonio
617 1229 902 1283 procreatus
943 1219 1022 1280 sit,
1060 1219 1314 1267 reticenda
1361 1219 1454 1267 erit
1477 1220 1563 1268 illa

131 1286 512 1345 circumstantia,
547 1287 888 1350 silendumque
935 1286 1170 1350 parentis,
1198 1287 1450 1351 utriusque
1474 1302 1565 1335 no-

133 1371 262 1410 men,
299 1354 416 1403 licet
464 1353 681 1416 registris
729 1355 1084 1416 consignatum,
1121 1354 1299 1430 idque
1295 1353 1381 1401 ad
1406 1369 1564 1403 remo·

130 1422 336 1469 vendam
362 1421 572 1469 infamiae
595 1422 770 1479 labem.
855 1421 1003 1478 Unde
1026 1421 1142 1470 satis
1167 1422 1260 1470 erit
1284 1420 1565 1485 exprimere

129 1488 256 1536 illius
283 1505 476 1545 nomen,
513 1498 686 1547 artem,
708 1480 1014 1537 Parochiam.
1065 1511 1067 1514 ·

199 1558 283 1603 30·
322 1556 371 1604 Si
396 1565 570 1619 agatur
595 1556 657 1603 de
681 1556 879 1619 sponsis
912 1555 995 1619 qui
1035 1554 1151 1602 olim
1175 1544 1388 1618 expositi
1418 1566 1559 1615 sunt,

130 1623 457 1687 praetermisso
496 1623 590 1670 hoc
609 1622 749 1682 vitio,
784 1622 1073 1686 designandi
1095 1632 1219 1670 sunt
1232 1623 1325 1681 sub
1356 1623 1560 1671 nomine

131 1703 250 1738 tunc
274 1690 388 1754 ipsis
413 1689 599 1749 indito,
621 1699 669 1745 et
713 1706 810 1755 quo
852 1689 901 1737 in
946 1678 1187 1745 Parochia
1211 1689 1426 1766 notiores
1452 1706 1562 1740 esse

131 1758 304 1806 solent.

198 1821 278 1872 40-
317 1823 368 1872 Si
404 1823 578 1873 mulier
636 1823 892 1886 enjusdam
926 1823 1013 1871 viri
1050 1822 1197 1871 vidua
1232 1822 1561 1885 existimetur,

135 1891 349 1956 quamvis
372 1900 535 1939 tamen
558 1906 809 1953 nunquam
833 1890 961 1945 illius
1003 1905 1129 1937 uxor
1151 1889 1299 1938 fuerit
1325 1890 1561 1954 legitima,

135 1960 298 2015 debet,
337 1968 392 2005 ut
415 1958 593 2006 vitetur
618 1957 831 2016 infamia,
868 1946 1112 2021 designari
1163 1958 1253 2006 sub
1280 1956 1432 2005 viduae
1475 1975 1564 2007 no-

135 2026 264 2074 mine
290 2041 387 2088 quo
412 2025 537 2074 solet
565 2025 813 2088 appellari.

202 2095 283 2141 50·
318 2088 596 2140 Dicendum
622 2102 697 2140 est
742 2101 851 2154 post
893 2089 1108 2153 singulas
1147 2083 1562 2152 denuntiationes,

133 2161 262 2209 hanc
302 2175 408 2207 esse
444 2160 662 2222 primam
681 2160 758 2207 vel
794 2158 1060 2215 secundam
1093 2159 1174 2206 vol
1211 2159 1421 2216 tertiam,
1459 2177 1562 2207 mo-

134 2225 380 2288 nendique
405 2236 618 2280 astantes
643 2226 706 2277 de
727 2223 1190 2290 dispensationibus
1213 2228 1459 2290 concessis
1485 2229 1560 2277 vel

132 2293 481 2349 concedendis

134 2427 217 2477 De
254 2426 536 2494 obligatione
575 2444 712 2492 quam
755 2415 994 2543 Fclzl‘delibzfs
1027 2426 1263 2491 importat*
1286 2406 1574 2477 Bannorum'

688 2512 773 2559 pro
817 2502 1004 2542 amatzo.

208 2628 408 2683 Certum
434 2638 513 2679 est
531 2629 730 2687 Fideles⁴
761 2626 1053 2686 matrimonii
1089 2626 1439 2692 impedimenta
1462 2629 1564 2679 sive

141 2696 414 2751 dirimenda
469 2696 571 2750 sive
622 2696 953 2760 prohibentia,
1008 2711 1121 2757 qu.ae
1182 2695 1272 2759 ipsi
1320 2697 1564 2753 noverint,

140 2762 231 2809 nisi
269 2763 461 2826 urgenti
513 2779 669 2812 causa
710 2773 1039 2822 -excusentur,
1100 2763 1255 2811 teneri
1293 2765 1383 2812 sub
1431 2763 1567 2827 gravi

140 2840 349 2893 peccato
407 2830 637 2879 revelare.
720 2834 807 2877 10·
866 2830 1024 2889 Quia
1036 2829 1166 2878 Lex
1217 2847 1315 2894 qua
1348 2840 1567 2906 potestas

143 2908 348 2961 unaque
396 2896 641 2962 praecipit
639 2880 706 2947 ut
749 2897 1100 2966 impedimenta
1134 2897 1432 2947 matrimonii
1468 2913 1572 2953 ma·

670 2967 675 2973 '
759 2967 805 3011 A
842 2980 871 3013 a
907 2968 937 3012 3
1280 2954 1575 3013 nifestentur
