1846 3250
186 212 190 215 ,
242 162 344 211 450
767 159 1198 211 TRACTATUS
1272 158 1275 160 ’

245 363 294 425 ᾗ.
328 365 376 409 4.
412 360 494 411 De
526 362 768 426 firmitate
823 361 997 411 vinculi
1035 361 1292 428 conjugalis
1350 362 1481 426 apud
1516 362 1678 412 Chris-

310 430 480 546 {ZZZ
494 448 580 532 eam
616 447 772 479 eorum
799 430 1112 479 Matrimonia
1147 430 1391 479 solvantur
1420 448 1508 496 per
1542 430 1680 479 adul-

254 646 264 652 ·
315 631 394 680 Ex
417 633 545 681 male
582 630 846 681 intellectis
884 632 987 681 istis
1027 632 1159 697 apud
1200 629 1384 680 Matth.
1415 635 1492 680 19.
1516 630 1676 679 verbis

245 700 520 766 quicumque
554 701 781 749 dimiserit
830 718 1018 749 uxorem
1071 701 1165 748 nisi
1209 699 1264 747 ob
1292 698 1676 759 fornicationem,

244 775 290 815 et
325 766 467 829 aliam
502 769 702 826 duxerit,
739 768 1010 826 maechatur,
1048 777 1161 815 nata
1197 775 1272 813 est
1304 782 1516 830 praesens
1562 781 1681 832 conj

243 846 495 882 troversia.

318 901 482 950 Graeci
507 906 609 963 Jam
647 918 675 949 a
738 900 958 964 pluribus
1000 900 1191 950 saeculis
1226 900 1340 948 inde
1376 900 1684 961 collegerunt

244 969 607 1017 matrimonium
667 968 894 1017 adulterii
968 985 1115 1017 causa
1188 968 1398 1024 dissolvi,
1472 967 1682 1029 ideoque

245 1046 453 1084 censent
488 1040 724 1097 conjuges
760 1052 904 1099 posse
957 1036 1021 1083 ad
1072 1036 1189 1084 alias
1237 1035 1430 1098 nuptias
1466 1035 1679 1091 evolare,

244 1113 403 1166 utque
438 1119 575 1151 suam
612 1103 916 1166 disciplinam
954 1113 1212 1160 excusent,
1266 1102 1518 1150 adducunt
1564 1117 1681 1148 auc-

247 1170 498 1218 toritatem
525 1180 744 1229 veterum
792 1171 992 1218 Patrum
1036 1180 1085 1218 et
1116 1171 1281 1233 Leges
1323 1170 1682 1232 Imperatorum

247 1238 643 1293 christianorum,
718 1236 942 1285 nimirum
1005 1236 1311 1286 Constantini
1385 1235 1559 1298 Magni
1633 1244 1684 1285 et

249 1305 574 1368 quorumdam
617 1304 839 1353 aliorum.
934 1305 1200 1353 Contendit
1226 1314 1389 1352 tamen
1416 1301 1683 1361 Arcudius,

247 1374 300 1422 in
337 1374 564 1431 Com-ord.
600 1372 823 1422 Ecclesiae
857 1372 998 1422 occid.
1032 1381 1079 1421 et
1113 1373 1279 1421 orient.
1373 1371 1574 1419 Graecos
1608 1385 1688 1418 re-

248 1441 496 1489 centiores
521 1457 549 1488 a
573 1446 808 1503 majorum
833 1456 1029 1487 suorum
1064 1439 1286 1488 doctrina
1311 1438 1558 1486 deviasse..
1604 1450 1606 1452 ’

321 1508 551 1567 Erasmus
593 1508 642 1554 in
683 1507 1096 1569 Annotationibus
1138 1508 1184 1554 in
1232 1508 1278 1556 7.
1319 1523 1360 1554 c·
1402 1509 1444 1552 1.
1481 1505 1543 1553 ad
1569 1505 1683 1553 Cor.

248 1573 450 1623 biennio
525 1585 787 1639 antequam
853 1574 1047 1623 haeresis
1122 1573 1331 1622 Lutheri
1389 1583 1686 1636 erumperet,

247 1642 446 1706 scripsit
470 1642 711 1690 adulterio
745 1641 941 1689 dissolvi
966 1643 1264 1704 conjugium.
1355 1640 1492 1688 Illius
1529 1656 1588 1688 ea
1622 1639 1686 1687 de

248 1726 304 1758 re
339 1710 696 1774 propositiones
732 1725 808 1757 an.
854 1711 1000 1757 1526.
1049 1708 1292 1756 damnavit
1330 1724 1468 1755 sacra
1511 1706 1687 1755 Facul-

241 1787 325 1825 ¹tas
361 1777 663 1825 Parisiensis.
755 1775 1052 1840 Apologiam
1089 1775 1244 1823 edidit
1280 1776 1528 1831 Erasmus,
1566 1789 1684 1821 con-

247 1844 458 1893 tendens
517 1855 708 1893 notatas
768 1843 1124 1908 propositiones
1181 1842 1524 1905 intelligendas
1578 1856 1685 1889 esse

248 1928 348 1960 non
408 1913 484 1976 dev
529 1911 836 1977 separatione
880 1911 1042 1975 quoad
1078 1910 1345 1969 vinculum,
1393 1919 1448 1956 ut
1499 1908 1688 1973 placuit

251 1975 570 2038 Censorib'us‚
607 1980 695 2041 sed
721 1979 882 2043 quoad
907 1980 1119 2026 thorum.

262 2066 265 2070 Δ
321 2048 571 2096 Lutherus
606 2048 655 2109 in
694 2063 801 2111 cap.
838 2048 884 2098 7.
925 2049 967 2093 1.
1019 2046 1082 2093 ad
1137 2046 1252 2094 Cor.
1304 2044 1473 2092 asserit
1520 2041 1688 2098 matri·

248 2115 416 2163 monia
440 2115 638 2163 dissolvi
670 2123 768 2162 non
809 2114 964 2162 solum
1000 2123 1203 2177 propter
1248 2111 1558 2168 adulterium,
1595 2109 1685 2158 sed

251 2182 394 2230 variis
419 2183 523 2230 aliis
549 2183 611 2230 de
636 2182 810 2230 causis.

323 2250 555 2308 Calvinus
589 2250 673 2297 lib.
709 2254 756 2296 4.
791 2247 951 2296 Instit.
989 2264 1034 2296 c.
1074 2250 1151 2297 19.
1202 2263 1299 2294 non
1336 2245 1484 2293 aliam
1514 2243 1687 2293 dissol-

250 2316 398 2365 vendi
434 2316 726 2365 matrimonii
761 2315 975 2375 admittit
1034 2330 1228 2362 causam
1282 2322 1459 2378 praeter
1494 2311 1685 2360 adulte-

250 2383 392 2431 rium.

323 2453 607 2514 Cajetanus‚
664 2450 747 2515 qui
791 2459 905 2498 ante
958 2448 1294 2497 Tridentinam
1355 2445 1607 2511 Synodum
1656 2462 1686 2494 e

255 2516 377 2566 vivis
413 2519 645 2580 excessit,
681 2520 731 2566 in
767 2518 990 2566 eamdem
1040 2516 1331 2565 sententiam
1379 2513 1688 2579 propendere

252 2585 462 2634 videtur.

329 2652 619 2701 Ambrosius
691 2652 998 2709 Gathar-inus,
1069 2650 1152 2715 qui
1220 2648 1441 2698 interfuit
1498 2647 1689 2698 Concil.

260 2719 398 2780 Trid.
432 2720 519 2768 sed
555 2736 653 2766 non
694 2719 966 2783 supervixit
1003 2735 1157 2781 usque
1199 2717 1262 2765 ad
1304 2719 1384 2764 24.
1425 2716 1690 2764 sessionem

258 2785 308 2833 in
345 2802 442 2850 qua
477 2786 682 2851 quaestio
719 2802 931 2850 praesens
967 2786 1168 2833 definita
1202 2794 1292 2842 est,
1338 2793 1390 2831 ut
1430 2783 1577 2831 modo
1619 2782 1688 2828 vi-

260 2854 500 2912 debimus,
536 2854 789 2902 contendit
837 2870 900 2901 ex
943 2853 1206 2916 Scripturis
1232 2868 1328 2898 non
1353 2866 1496 2914 posse
1522 2847 1687 2911 colligi

259 2936 356 2979 non
381 2920 532 2970 licere
556 2931 757 2987 propter
785 2920 1159 2970 fornicationem
1201 2918 1333 2968 aliud
1366 2917 1487 2966 inire
1522 2916 1686 2964 matri-

234 3004 484 3038 ‘monium-

1430 3046 1682 3100 Audacior
