<?xml version="1.0" encoding="UTF-8"?>
<!DOCTYPE html PUBLIC "-//W3C//DTD XHTML 1.0 Transitional//EN"
    "http://www.w3.org/TR/xhtml1/DTD/xhtml1-transitional.dtd">
<html xmlns="http://www.w3.org/1999/xhtml" xml:lang="en" lang="en">
 <head>
  <title>
</title>
<meta http-equiv="Content-Type" content="text/html;charset=utf-8" />
  <meta name='ocr-system' content='tesseract 3.04.00' />
  <meta name='ocr-capabilities' content='ocr_page ocr_carea ocr_par ocr_line ocrx_word'/>
</head>
<body>
  <div class='ocr_page' id='page_1' title='image "./theologica00bailuoft_0342.png"; bbox 0 0 1846 3250; ppageno 0'>
   <div class='ocr_carea' id='block_1_1' title="bbox 270 158 1201 217">
    <p class='ocr_par' dir='ltr' id='par_1_1' title="bbox 270 158 1310 217">
     <span class='ocr_line' id='line_1_1' title="bbox 270 158 1201 217; baseline 0 -10"><span class='ocrx_word' id='word_1_1' title='bbox 270 159 387 217; x_wconf 73' lang='grc'><strong>338·-</strong></span> <span class='ocrx_word' id='word_1_2' title='bbox 720 176 725 178; x_wconf 90' lang='grc'><strong>·</strong></span> <span class='ocrx_word' id='word_1_3' title='bbox 767 158 1201 211; x_wconf 76' lang='lat' dir='ltr'><strong>TRACTJATUS</strong></span> 
     </span>
    </p>
   </div>
   <div class='ocr_carea' id='block_1_2' title="bbox 267 292 1704 477">
    <p class='ocr_par' dir='ltr' id='par_1_2' title="bbox 267 292 1704 477">
     <span class='ocr_line' id='line_1_2' title="bbox 267 292 1704 357; baseline -0.001 -15"><span class='ocrx_word' id='word_1_4' title='bbox 267 303 373 349; x_wconf 73' lang='lat' dir='ltr'><strong>tum</strong></span> <span class='ocrx_word' id='word_1_5' title='bbox 396 293 579 356; x_wconf 86' lang='lat' dir='ltr'><strong>vigent,</strong></span> <span class='ocrx_word' id='word_1_6' title='bbox 604 309 726 357; x_wconf 82' lang='lat' dir='ltr'><strong>quae</strong></span> <span class='ocrx_word' id='word_1_7' title='bbox 749 293 838 341; x_wconf 83' lang='lat' dir='ltr'><strong>sub</strong></span> <span class='ocrx_word' id='word_1_8' title='bbox 863 302 1085 356; x_wconf 81' lang='lat' dir='ltr'><strong>peccato</strong></span> <span class='ocrx_word' id='word_1_9' title='bbox 1095 293 1286 342; x_wconf 78' lang='lat' dir='ltr'><strong>mortali</strong></span> <span class='ocrx_word' id='word_1_10' title='bbox 1311 292 1554 357; x_wconf 69' lang='lat' dir='ltr'><strong>obligant,</strong></span> <span class='ocrx_word' id='word_1_11' title='bbox 1581 311 1704 348; x_wconf 71' lang='lat' dir='ltr'><strong>eum.</strong></span> 
     </span>
     <span class='ocr_line' id='line_1_3' title="bbox 267 360 1695 427; baseline 0.001 -20"><span class='ocrx_word' id='word_1_12' title='bbox 267 361 471 408; x_wconf 84' lang='lat' dir='ltr'><strong>materia</strong></span> <span class='ocrx_word' id='word_1_13' title='bbox 516 360 750 425; x_wconf 74' lang='lat' dir='ltr'><strong>praecepti</strong></span> <span class='ocrx_word' id='word_1_14' title='bbox 806 360 899 408; x_wconf 88' lang='lat' dir='ltr'><strong>sit</strong></span> <span class='ocrx_word' id='word_1_15' title='bbox 910 360 1086 424; x_wconf 85' lang='lat' dir='ltr'><strong>gravis.</strong></span> <span class='ocrx_word' id='word_1_16' title='bbox 1158 361 1412 410; x_wconf 87' lang='lat' dir='ltr'><strong>Versiculo</strong></span> <span class='ocrx_word' id='word_1_17' title='bbox 1470 362 1695 427; x_wconf 80' lang='lat' dir='ltr'>sequenti</span> 
     </span>
     <span class='ocr_line' id='line_1_4' title="bbox 267 427 1572 477; baseline 0.001 -2"><span class='ocrx_word' id='word_1_18' title='bbox 267 427 596 477; x_wconf 85' lang='lat' dir='ltr'><strong>continentur.</strong></span> <span class='ocrx_word' id='word_1_19' title='bbox 1569 454 1572 457; x_wconf 21' lang='grc' dir='ltr'><strong>Δ</strong></span> 
     </span>
    </p>
   </div>
   <div class='ocr_carea' id='block_1_3' title="bbox 463 564 1490 615">
    <p class='ocr_par' dir='ltr' id='par_1_3' title="bbox 463 564 1490 615">
     <span class='ocr_line' id='line_1_5' title="bbox 463 564 1490 615; baseline 0.001 -10"><span class='ocrx_word' id='word_1_20' title='bbox 463 565 651 606; x_wconf 82' lang='lat' dir='ltr'><strong>Ecclesia</strong></span> <span class='ocrx_word' id='word_1_21' title='bbox 675 564 858 612; x_wconf 78' lang='lat' dir='ltr'><strong>vetitum,</strong></span> <span class='ocrx_word' id='word_1_22' title='bbox 888 573 1061 615; x_wconf 84' lang='lat' dir='ltr'><strong>tempus,</strong></span> <span class='ocrx_word' id='word_1_23' title='bbox 1091 566 1306 615; x_wconf 81' lang='lat' dir='ltr'><strong>sponsalia,</strong></span> <span class='ocrx_word' id='word_1_24' title='bbox 1337 574 1490 608; x_wconf 82' lang='lat' dir='ltr'><strong>votum.</strong></span> 
     </span>
    </p>
   </div>
   <div class='ocr_carea' id='block_1_4' title="bbox 247 687 1700 1824">
    <p class='ocr_par' dir='ltr' id='par_1_4' title="bbox 258 687 1700 1150">
     <span class='ocr_line' id='line_1_6' title="bbox 312 687 1689 751; baseline 0.002 -15"><span class='ocrx_word' id='word_1_25' title='bbox 312 691 400 736; x_wconf 53' lang='grc'><strong>,10·</strong></span> <span class='ocrx_word' id='word_1_26' title='bbox 441 687 658 741; x_wconf 67' lang='grc' dir='ltr'><em>Εὸσῖεεὶιε</em></span> <span class='ocrx_word' id='word_1_27' title='bbox 680 689 866 740; x_wconf 79' lang='lat' dir='ltr'><strong>vetitum</strong></span> <span class='ocrx_word' id='word_1_28' title='bbox 903 698 978 737; x_wconf 91' lang='lat' dir='ltr'><strong>est</strong></span> <span class='ocrx_word' id='word_1_29' title='bbox 1002 687 1262 751; x_wconf 86' lang='lat' dir='ltr'><strong>prohibitio</strong></span> <span class='ocrx_word' id='word_1_30' title='bbox 1298 689 1374 737; x_wconf 87' lang='lat' dir='ltr'><strong>vel</strong></span> <span class='ocrx_word' id='word_1_31' title='bbox 1411 690 1471 738; x_wconf 87' lang='lat' dir='ltr'><strong>ab</strong></span> <span class='ocrx_word' id='word_1_32' title='bbox 1513 691 1689 740; x_wconf 87' lang='lat' dir='ltr'><strong>Eccle-</strong></span> 
     </span>
     <span class='ocr_line' id='line_1_7' title="bbox 262 755 1688 822; baseline 0.002 -18"><span class='ocrx_word' id='word_1_33' title='bbox 262 756 333 804; x_wconf 83' lang='lat' dir='ltr'><strong>sia</strong></span> <span class='ocrx_word' id='word_1_34' title='bbox 357 755 631 814; x_wconf 83' lang='lat' dir='ltr'><strong>universali,</strong></span> <span class='ocrx_word' id='word_1_35' title='bbox 669 756 797 804; x_wconf 82' lang='lat' dir='ltr'><strong>vela</strong></span> <span class='ocrx_word' id='word_1_36' title='bbox 843 757 892 803; x_wconf 89' lang='lat' dir='ltr'><strong>S.</strong></span> <span class='ocrx_word' id='word_1_37' title='bbox 925 756 1183 813; x_wconf 87' lang='lat' dir='ltr'><strong>Pontifice,</strong></span> <span class='ocrx_word' id='word_1_38' title='bbox 1220 757 1295 803; x_wconf 92' lang='lat' dir='ltr'><strong>vel</strong></span> <span class='ocrx_word' id='word_1_39' title='bbox 1334 758 1394 804; x_wconf 82' lang='lat' dir='ltr'><strong>ab</strong></span> <span class='ocrx_word' id='word_1_40' title='bbox 1424 758 1688 822; x_wconf 84' lang='lat' dir='ltr'><strong>Episcopo,</strong></span> 
     </span>
     <span class='ocr_line' id='line_1_8' title="bbox 261 823 1688 886; baseline 0.003 -17"><span class='ocrx_word' id='word_1_41' title='bbox 261 824 343 873; x_wconf 82' lang='lat' dir='ltr'><strong>vel</strong></span> <span class='ocrx_word' id='word_1_42' title='bbox 369 823 524 872; x_wconf 32' lang='lat' dir='ltr'><strong>*etiam</strong></span> <span class='ocrx_word' id='word_1_43' title='bbox 564 839 594 870; x_wconf 89' lang='lat' dir='ltr'>a</span> <span class='ocrx_word' id='word_1_44' title='bbox 632 824 855 871; x_wconf 85' lang='lat' dir='ltr'><strong>Paroeho</strong></span> <span class='ocrx_word' id='word_1_45' title='bbox 895 823 1175 886; x_wconf 81' lang='lat' dir='ltr'><strong>conjugium</strong></span> <span class='ocrx_word' id='word_1_46' title='bbox 1216 823 1405 871; x_wconf 87' lang='lat' dir='ltr'><strong>inituris</strong></span> <span class='ocrx_word' id='word_1_47' title='bbox 1442 824 1590 879; x_wconf 80' lang='lat' dir='ltr'><strong>facta,</strong></span> <span class='ocrx_word' id='word_1_48' title='bbox 1627 841 1688 873; x_wconf 89' lang='lat' dir='ltr'><strong>ne</strong></span> 
     </span>
     <span class='ocr_line' id='line_1_9' title="bbox 258 890 1686 955; baseline 0.003 -18"><span class='ocrx_word' id='word_1_49' title='bbox 258 890 380 946; x_wconf 86' lang='lat' dir='ltr'><strong>illud</strong></span> <span class='ocrx_word' id='word_1_50' title='bbox 419 891 708 939; x_wconf 87' lang='lat' dir='ltr'><strong>contrahant</strong></span> <span class='ocrx_word' id='word_1_51' title='bbox 750 892 812 937; x_wconf 92' lang='lat' dir='ltr'><strong>ob</strong></span> <span class='ocrx_word' id='word_1_52' title='bbox 861 890 1071 953; x_wconf 82' lang='lat' dir='ltr'>aliquam</span> <span class='ocrx_word' id='word_1_53' title='bbox 1121 906 1334 947; x_wconf 86' lang='lat' dir='ltr'><strong>causam,</strong></span> <span class='ocrx_word' id='word_1_54' title='bbox 1371 908 1417 938; x_wconf 87' lang='lat' dir='ltr'><strong>v.</strong></span> <span class='ocrx_word' id='word_1_55' title='bbox 1441 909 1490 955; x_wconf 87' lang='lat' dir='ltr'><strong>g.</strong></span> <span class='ocrx_word' id='word_1_56' title='bbox 1526 892 1686 940; x_wconf 87' lang='lat' dir='ltr'><strong>donec</strong></span> 
     </span>
     <span class='ocr_line' id='line_1_10' title="bbox 259 958 1700 1022; baseline 0.001 -18"><span class='ocrx_word' id='word_1_57' title='bbox 259 958 569 1022; x_wconf 68' lang='lat' dir='ltr'><strong>probaverint</strong></span> <span class='ocrx_word' id='word_1_58' title='bbox 610 974 662 1005; x_wconf 88' lang='lat' dir='ltr'><strong>se</strong></span> <span class='ocrx_word' id='word_1_59' title='bbox 705 974 812 1005; x_wconf 89' lang='lat' dir='ltr'><strong>esse</strong></span> <span class='ocrx_word' id='word_1_60' title='bbox 852 958 1047 1014; x_wconf 88' lang='lat' dir='ltr'><strong>liberos,</strong></span> <span class='ocrx_word' id='word_1_61' title='bbox 1083 958 1158 1005; x_wconf 86' lang='lat' dir='ltr'><strong>vel</strong></span> <span class='ocrx_word' id='word_1_62' title='bbox 1203 969 1457 1021; x_wconf 85' lang='lat' dir='ltr'><strong>parentum</strong></span> <span class='ocrx_word' id='word_1_63' title='bbox 1485 975 1700 1011; x_wconf 66' lang='lat' dir='ltr'><strong>consen«</strong></span> 
     </span>
     <span class='ocr_line' id='line_1_11' title="bbox 258 1024 1684 1080; baseline 0.003 -9"><span class='ocrx_word' id='word_1_64' title='bbox 258 1041 363 1080; x_wconf 81' lang='lat' dir='ltr'><strong>sum</strong></span> <span class='ocrx_word' id='word_1_65' title='bbox 382 1025 697 1075; x_wconf 83' lang='lat' dir='ltr'><strong>obtinuerint.</strong></span> <span class='ocrx_word' id='word_1_66' title='bbox 767 1026 845 1072; x_wconf 87' lang='lat' dir='ltr'><strong>Ita</strong></span> <span class='ocrx_word' id='word_1_67' title='bbox 886 1024 1102 1071; x_wconf 87' lang='lat' dir='ltr'><strong>definivit</strong></span> <span class='ocrx_word' id='word_1_68' title='bbox 1144 1027 1294 1079; x_wconf 76' lang='lat' dir='ltr'><strong>Alex,</strong></span> <span class='ocrx_word' id='word_1_69' title='bbox 1333 1026 1429 1072; x_wconf 89' lang='grc' dir='ltr'><strong>ΙΙΙ.</strong></span> <span class='ocrx_word' id='word_1_70' title='bbox 1472 1042 1516 1073; x_wconf 92' lang='lat' dir='ltr'><strong>c.</strong></span> <span class='ocrx_word' id='word_1_71' title='bbox 1556 1027 1684 1075; x_wconf 74' lang='lat' dir='ltr'><strong>2.de</strong></span> 
     </span>
     <span class='ocr_line' id='line_1_12' title="bbox 263 1092 1593 1150; baseline 0 -10"><span class='ocrx_word' id='word_1_72' title='bbox 263 1093 571 1141; x_wconf 80' lang='lat' dir='ltr'><strong>Matrimonz‘o</strong></span> <span class='ocrx_word' id='word_1_73' title='bbox 595 1098 830 1150; x_wconf 81' lang='lat' dir='ltr'><strong>contracto</strong></span> <span class='ocrx_word' id='word_1_74' title='bbox 852 1099 1013 1139; x_wconf 78' lang='lat' dir='ltr'><strong>contra</strong></span> <span class='ocrx_word' id='word_1_75' title='bbox 1038 1092 1333 1140; x_wconf 80' lang='lat' dir='ltr'><strong>interdictum</strong></span> <span class='ocrx_word' id='word_1_76' title='bbox 1359 1092 1593 1140; x_wconf 77' lang='lat' dir='ltr'><strong>Ecclesioe.</strong></span> 
     </span>
    </p>

    <p class='ocr_par' dir='ltr' id='par_1_5' title="bbox 247 1158 1689 1824">
     <span class='ocr_line' id='line_1_13' title="bbox 326 1158 1683 1223; baseline 0 -16"><span class='ocrx_word' id='word_1_77' title='bbox 326 1163 394 1207; x_wconf 73' lang='lat'><strong>2⁰·</strong></span> <span class='ocrx_word' id='word_1_78' title='bbox 454 1160 666 1223; x_wconf 73' lang='lat' dir='ltr'><strong>TempuS,</strong></span> <span class='ocrx_word' id='word_1_79' title='bbox 720 1175 814 1219; x_wconf 92' lang='lat' dir='ltr'><strong>quo</strong></span> <span class='ocrx_word' id='word_1_80' title='bbox 849 1158 1208 1206; x_wconf 84' lang='lat' dir='ltr'><strong>interdicuntur</strong></span> <span class='ocrx_word' id='word_1_81' title='bbox 1255 1159 1452 1221; x_wconf 73' lang='lat' dir='ltr'><strong>nuptiae,</strong></span> <span class='ocrx_word' id='word_1_82' title='bbox 1507 1170 1580 1209; x_wconf 85' lang='lat' dir='ltr'><strong>est</strong></span> <span class='ocrx_word' id='word_1_83' title='bbox 1622 1161 1683 1208; x_wconf 86' lang='lat' dir='ltr'><strong>ab</strong></span> 
     </span>
     <span class='ocr_line' id='line_1_14' title="bbox 264 1224 1681 1289; baseline 0.001 -15"><span class='ocrx_word' id='word_1_84' title='bbox 264 1227 492 1274; x_wconf 82' lang='lat' dir='ltr'><strong>Adventu</strong></span> <span class='ocrx_word' id='word_1_85' title='bbox 521 1241 675 1288; x_wconf 88' lang='lat' dir='ltr'><strong>usque</strong></span> <span class='ocrx_word' id='word_1_86' title='bbox 711 1225 772 1271; x_wconf 77' lang='lat' dir='ltr'><strong>ad</strong></span> <span class='ocrx_word' id='word_1_87' title='bbox 799 1224 927 1271; x_wconf 88' lang='lat' dir='ltr'><strong>diem</strong></span> <span class='ocrx_word' id='word_1_88' title='bbox 956 1225 1241 1289; x_wconf 85' lang='lat' dir='ltr'><strong>Epiphaniae</strong></span> <span class='ocrx_word' id='word_1_89' title='bbox 1272 1226 1541 1282; x_wconf 82' lang='lat' dir='ltr'><strong>exclusive,</strong></span> <span class='ocrx_word' id='word_1_90' title='bbox 1579 1237 1628 1274; x_wconf 91' lang='lat' dir='ltr'><strong>et</strong></span> <span class='ocrx_word' id='word_1_91' title='bbox 1652 1242 1681 1274; x_wconf 86' lang='lat' dir='ltr'>a</span> 
     </span>
     <span class='ocr_line' id='line_1_15' title="bbox 255 1290 1682 1352; baseline 0 -13"><span class='ocrx_word' id='word_1_92' title='bbox 255 1290 334 1341; x_wconf 86' lang='lat' dir='ltr'><strong>die</strong></span> <span class='ocrx_word' id='word_1_93' title='bbox 363 1293 593 1341; x_wconf 87' lang='lat' dir='ltr'><strong>Cinerum</strong></span> <span class='ocrx_word' id='word_1_94' title='bbox 630 1308 781 1352; x_wconf 89' lang='lat' dir='ltr'><strong>usque</strong></span> <span class='ocrx_word' id='word_1_95' title='bbox 822 1292 885 1338; x_wconf 82' lang='lat' dir='ltr'><strong>ad</strong></span> <span class='ocrx_word' id='word_1_96' title='bbox 922 1292 1162 1338; x_wconf 82' lang='lat' dir='ltr'>Octavam</span> <span class='ocrx_word' id='word_1_97' title='bbox 1200 1292 1402 1339; x_wconf 84' lang='lat' dir='ltr'><strong>Pascbae</strong></span> <span class='ocrx_word' id='word_1_98' title='bbox 1435 1291 1682 1341; x_wconf 84' lang='lat' dir='ltr'><strong>inclusive.</strong></span> 
     </span>
     <span class='ocr_line' id='line_1_16' title="bbox 254 1358 1689 1420; baseline 0.001 -14"><span class='ocrx_word' id='word_1_99' title='bbox 254 1361 333 1407; x_wconf 87' lang='lat' dir='ltr'><strong>Ita</strong></span> <span class='ocrx_word' id='word_1_100' title='bbox 375 1359 511 1406; x_wconf 74' lang='lat' dir='ltr'><strong>Trid.</strong></span> <span class='ocrx_word' id='word_1_101' title='bbox 549 1375 665 1406; x_wconf 89' lang='lat' dir='ltr'><strong>sess.</strong></span> <span class='ocrx_word' id='word_1_102' title='bbox 693 1362 774 1405; x_wconf 71' lang='lat'><strong>24.</strong></span> <span class='ocrx_word' id='word_1_103' title='bbox 816 1374 925 1420; x_wconf 85' lang='lat' dir='ltr'><strong>cap.</strong></span> <span class='ocrx_word' id='word_1_104' title='bbox 973 1361 1050 1405; x_wconf 84' lang='lat'><strong>10.</strong></span> <span class='ocrx_word' id='word_1_105' title='bbox 1084 1358 1145 1405; x_wconf 86' lang='lat' dir='ltr'><strong>de</strong></span> <span class='ocrx_word' id='word_1_106' title='bbox 1192 1358 1460 1414; x_wconf 79' lang='lat' dir='ltr'><strong>Reformat.</strong></span> <span class='ocrx_word' id='word_1_107' title='bbox 1532 1360 1689 1412; x_wconf 68' lang='lat' dir='ltr'><strong>Ratio,</strong></span> 
     </span>
     <span class='ocr_line' id='line_1_17' title="bbox 253 1424 1681 1489; baseline 0.001 -16"><span class='ocrx_word' id='word_1_108' title='bbox 253 1426 589 1489; x_wconf 83' lang='lat' dir='ltr'><strong>prohibitionis</strong></span> <span class='ocrx_word' id='word_1_109' title='bbox 629 1424 738 1479; x_wconf 90' lang='lat' dir='ltr'><strong>fuit,</strong></span> <span class='ocrx_word' id='word_1_110' title='bbox 777 1426 889 1486; x_wconf 83' lang='lat' dir='ltr'><strong>quia</strong></span> <span class='ocrx_word' id='word_1_111' title='bbox 932 1424 1078 1472; x_wconf 89' lang='lat' dir='ltr'><strong>decet</strong></span> <span class='ocrx_word' id='word_1_112' title='bbox 1119 1435 1172 1472; x_wconf 85' lang='lat' dir='ltr'><strong>ut</strong></span> <span class='ocrx_word' id='word_1_113' title='bbox 1209 1426 1344 1474; x_wconf 84' lang='lat' dir='ltr'><strong>hisce</strong></span> <span class='ocrx_word' id='word_1_114' title='bbox 1383 1426 1681 1489; x_wconf 67' lang='lat' dir='ltr'><strong>poeuitentiae</strong></span> 
     </span>
     <span class='ocr_line' id='line_1_18' title="bbox 253 1492 1679 1558; baseline -0.001 -16"><span class='ocrx_word' id='word_1_115' title='bbox 253 1494 554 1558; x_wconf 85' lang='lat' dir='ltr'><strong>temporibus</strong></span> <span class='ocrx_word' id='word_1_116' title='bbox 592 1492 785 1540; x_wconf 86' lang='lat' dir='ltr'><strong>Fideles</strong></span> <span class='ocrx_word' id='word_1_117' title='bbox 827 1492 1123 1539; x_wconf 83' lang='lat' dir='ltr'><strong>orationibus</strong></span> <span class='ocrx_word' id='word_1_118' title='bbox 1167 1504 1219 1539; x_wconf 90' lang='lat' dir='ltr'><strong>et·</strong></span> <span class='ocrx_word' id='word_1_119' title='bbox 1265 1494 1402 1540; x_wconf 85' lang='lat' dir='ltr'><strong>bonis</strong></span> <span class='ocrx_word' id='word_1_120' title='bbox 1451 1494 1679 1557; x_wconf 80' lang='lat' dir='ltr'><strong>oper-ibus</strong></span> 
     </span>
     <span class='ocr_line' id='line_1_19' title="bbox 251 1559 1690 1634; baseline 0.003 -28"><span class='ocrx_word' id='word_1_121' title='bbox 251 1571 441 1617; x_wconf 81' lang='lat' dir='ltr'><strong>vacent,</strong></span> <span class='ocrx_word' id='word_1_122' title='bbox 462 1571 511 1607; x_wconf 88' lang='lat' dir='ltr'><strong>et</strong></span> <span class='ocrx_word' id='word_1_123' title='bbox 536 1576 564 1606; x_wconf 84' lang='lat' dir='ltr'>a</span> <span class='ocrx_word' id='word_1_124' title='bbox 589 1559 794 1607; x_wconf 87' lang='lat' dir='ltr'><strong>terrenis</strong></span> <span class='ocrx_word' id='word_1_125' title='bbox 819 1559 1148 1634; x_wconf 82' lang='lat' dir='ltr'><strong>voluptatibus</strong></span> <span class='ocrx_word' id='word_1_126' title='bbox 1174 1559 1462 1607; x_wconf 81' lang='lat' dir='ltr'><strong>abstineant.</strong></span> <span class='ocrx_word' id='word_1_127' title='bbox 1517 1560 1690 1611; x_wconf 79' lang='lat' dir='ltr'><strong>Hisce</strong></span> 
     </span>
     <span class='ocr_line' id='line_1_20' title="bbox 251 1625 1675 1688; baseline 0.001 -14"><span class='ocrx_word' id='word_1_128' title='bbox 251 1639 413 1676; x_wconf 78' lang='lat' dir='ltr'><strong>tamen</strong></span> <span class='ocrx_word' id='word_1_129' title='bbox 454 1626 773 1688; x_wconf 84' lang='lat' dir='ltr'><strong>temporibus,</strong></span> <span class='ocrx_word' id='word_1_130' title='bbox 824 1625 914 1671; x_wconf 87' lang='lat' dir='ltr'><strong>nisi</strong></span> <span class='ocrx_word' id='word_1_131' title='bbox 954 1627 1149 1672; x_wconf 84' lang='lat' dir='ltr'><strong>obstent</strong></span> <span class='ocrx_word' id='word_1_132' title='bbox 1188 1626 1519 1674; x_wconf 78' lang='lat' dir='ltr'><strong>Ecclesiarum</strong></span> <span class='ocrx_word' id='word_1_133' title='bbox 1560 1644 1675 1675; x_wconf 89' lang='lat' dir='ltr'><strong>con-</strong></span> 
     </span>
     <span class='ocr_line' id='line_1_21' title="bbox 247 1682 1673 1756; baseline 0 -14"><span class='ocrx_word' id='word_1_134' title='bbox 247 1688 548 1749; x_wconf 75' lang='lat' dir='ltr'><strong>suemdineS,</strong></span> <span class='ocrx_word' id='word_1_135' title='bbox 586 1701 788 1754; x_wconf 80' lang='lat' dir='ltr'><strong>possunt</strong></span> <span class='ocrx_word' id='word_1_136' title='bbox 830 1692 1072 1753; x_wconf 76' lang='lat' dir='ltr'><strong>sponsalia</strong></span> <span class='ocrx_word' id='word_1_137' title='bbox 1114 1682 1350 1739; x_wconf 77' lang='lat' dir='ltr'><strong>celebrari</strong></span> <span class='ocrx_word' id='word_1_138' title='bbox 1392 1705 1442 1741; x_wconf 84' lang='lat' dir='ltr'><strong>et</strong></span> <span class='ocrx_word' id='word_1_139' title='bbox 1484 1695 1673 1756; x_wconf 83' lang='lat' dir='ltr'><strong>procla-</strong></span> 
     </span>
     <span class='ocr_line' id='line_1_22' title="bbox 248 1758 1673 1824; baseline 0 -17"><span class='ocrx_word' id='word_1_140' title='bbox 248 1761 485 1812; x_wconf 80' lang='lat' dir='ltr'><strong>mationes</strong></span> <span class='ocrx_word' id='word_1_141' title='bbox 510 1760 777 1806; x_wconf 84' lang='lat' dir='ltr'><strong>bannorum</strong></span> <span class='ocrx_word' id='word_1_142' title='bbox 815 1758 952 1814; x_wconf 86' lang='lat' dir='ltr'><strong>fieri;</strong></span> <span class='ocrx_word' id='word_1_143' title='bbox 988 1774 1113 1804; x_wconf 89' lang='lat' dir='ltr'><strong>cum</strong></span> <span class='ocrx_word' id='word_1_144' title='bbox 1125 1759 1257 1806; x_wconf 83' lang='lat' dir='ltr'><strong>nullo</strong></span> <span class='ocrx_word' id='word_1_145' title='bbox 1280 1760 1402 1808; x_wconf 82' lang='lat' dir='ltr'><strong>Jure</strong></span> <span class='ocrx_word' id='word_1_146' title='bbox 1438 1761 1485 1806; x_wconf 86' lang='lat' dir='ltr'><strong>id</strong></span> <span class='ocrx_word' id='word_1_147' title='bbox 1513 1760 1673 1824; x_wconf 83' lang='lat' dir='ltr'><strong>prohi</strong></span> 
     </span>
    </p>
   </div>
   <div class='ocr_carea' id='block_1_5' title="bbox 246 1827 1681 1958">
    <p class='ocr_par' dir='ltr' id='par_1_6' title="bbox 246 1827 1672 1958">
     <span class='ocr_line' id='line_1_23' title="bbox 246 1827 1207 1875; baseline 0.001 0"><span class='ocrx_word' id='word_1_148' title='bbox 246 1828 400 1875; x_wconf 87' lang='lat' dir='ltr'><strong>bitum</strong></span> <span class='ocrx_word' id='word_1_149' title='bbox 425 1827 503 1874; x_wconf 90' lang='lat' dir='ltr'><strong>sit.</strong></span> <span class='ocrx_word' id='word_1_150' title='bbox 1205 1857 1207 1860; x_wconf 38' lang='lat' dir='ltr'>v</span> 
     </span>
     <span class='ocr_line' id='line_1_24' title="bbox 317 1878 1681 1958; baseline 0.002 -20"><span class='ocrx_word' id='word_1_151' title='bbox 317 1888 685 1958; x_wconf 60' lang='lat' dir='ltr'><strong>3ffiSponsa1&#39;z&#39;a,</strong></span> <span class='ocrx_word' id='word_1_152' title='bbox 727 1890 765 1936; x_wconf 89' lang='lat' dir='ltr'><strong>si</strong></span> <span class='ocrx_word' id='word_1_153' title='bbox 808 1907 904 1937; x_wconf 90' lang='lat' dir='ltr'><strong>non</strong></span> <span class='ocrx_word' id='word_1_154' title='bbox 930 1890 1261 1941; x_wconf 80' lang='lat' dir='ltr'><strong>dissolvantur</strong></span> <span class='ocrx_word' id='word_1_155' title='bbox 1302 1893 1425 1941; x_wconf 85' lang='lat' dir='ltr'><strong>Jure</strong></span> <span class='ocrx_word' id='word_1_156' title='bbox 1465 1878 1681 1944; x_wconf 80' lang='lat' dir='ltr'><strong>naturali</strong></span> 
     </span>
    </p>
   </div>
   <div class='ocr_carea' id='block_1_6' title="bbox 240 1957 1686 2287">
    <p class='ocr_par' dir='ltr' id='par_1_7' title="bbox 244 1957 1673 2024">
     <span class='ocr_line' id='line_1_25' title="bbox 244 1957 1673 2024; baseline 0 -17"><span class='ocrx_word' id='word_1_157' title='bbox 244 1960 515 2024; x_wconf 83' lang='lat' dir='ltr'><strong>impediunt</strong></span> <span class='ocrx_word' id='word_1_158' title='bbox 540 1976 601 2007; x_wconf 90' lang='lat' dir='ltr'><strong>ne</strong></span> <span class='ocrx_word' id='word_1_159' title='bbox 620 1957 783 2022; x_wconf 86' lang='lat' dir='ltr'><strong>sponsi</strong></span> <span class='ocrx_word' id='word_1_160' title='bbox 803 1957 946 2006; x_wconf 84' lang='lat' dir='ltr'><strong>licite</strong></span> <span class='ocrx_word' id='word_1_161' title='bbox 956 1969 1158 2021; x_wconf 84' lang='lat' dir='ltr'><strong>possunt</strong></span> <span class='ocrx_word' id='word_1_162' title='bbox 1178 1974 1288 2005; x_wconf 90' lang='lat' dir='ltr'><strong>cum</strong></span> <span class='ocrx_word' id='word_1_163' title='bbox 1315 1959 1412 2007; x_wconf 84' lang='lat' dir='ltr'><strong>alio</strong></span> <span class='ocrx_word' id='word_1_164' title='bbox 1431 1961 1673 2010; x_wconf 80' lang='lat' dir='ltr'><strong>matrimo-</strong></span> 
     </span>
    </p>

    <p class='ocr_par' dir='ltr' id='par_1_8' title="bbox 240 2025 1686 2287">
     <span class='ocr_line' id='line_1_26' title="bbox 244 2025 1686 2086; baseline -0.001 -11"><span class='ocrx_word' id='word_1_165' title='bbox 244 2030 375 2076; x_wconf 88' lang='lat' dir='ltr'><strong>nium</strong></span> <span class='ocrx_word' id='word_1_166' title='bbox 401 2027 522 2074; x_wconf 88' lang='lat' dir='ltr'><strong>inire</strong></span> <span class='ocrx_word' id='word_1_167' title='bbox 547 2042 658 2074; x_wconf 89' lang='lat' dir='ltr'><strong>cum</strong></span> <span class='ocrx_word' id='word_1_168' title='bbox 696 2025 876 2086; x_wconf 88' lang='lat' dir='ltr'><strong>sponsi,</strong></span> <span class='ocrx_word' id='word_1_169' title='bbox 914 2041 976 2071; x_wconf 84' lang='lat' dir='ltr'><strong>ex</strong></span> <span class='ocrx_word' id='word_1_170' title='bbox 1004 2037 1147 2077; x_wconf 75' lang='lat' dir='ltr'><strong>antea</strong></span> <span class='ocrx_word' id='word_1_171' title='bbox 1172 2025 1331 2082; x_wconf 78' lang='lat' dir='ltr'><strong>dictis,</strong></span> <span class='ocrx_word' id='word_1_172' title='bbox 1367 2028 1458 2075; x_wconf 90' lang='lat' dir='ltr'><strong>sub</strong></span> <span class='ocrx_word' id='word_1_173' title='bbox 1482 2027 1686 2077; x_wconf 80' lang='lat' dir='ltr'><strong>mortali</strong></span> 
     </span>
     <span class='ocr_line' id='line_1_27' title="bbox 242 2092 1686 2168; baseline -0.005 -24"><span class='ocrx_word' id='word_1_174' title='bbox 242 2104 503 2144; x_wconf 84' lang='lat' dir='ltr'><strong>teneantur</strong></span> <span class='ocrx_word' id='word_1_175' title='bbox 549 2092 836 2168; x_wconf 87' lang='lat' dir='ltr'><strong>promissum</strong></span> <span class='ocrx_word' id='word_1_176' title='bbox 886 2092 1240 2139; x_wconf 84' lang='lat' dir='ltr'><strong>matrimonium</strong></span> <span class='ocrx_word' id='word_1_177' title='bbox 1278 2092 1507 2167; x_wconf 71' lang='lat' dir='ltr'><strong>implere.</strong></span> <span class='ocrx_word' id='word_1_178' title='bbox 1579 2094 1686 2143; x_wconf 12' lang='lat' dir='ltr'><strong>Inar*</strong></span> 
     </span>
     <span class='ocr_line' id='line_1_28' title="bbox 240 2158 1670 2223; baseline 0.001 -14"><span class='ocrx_word' id='word_1_179' title='bbox 240 2172 404 2210; x_wconf 85' lang='lat' dir='ltr'><strong>tamen</strong></span> <span class='ocrx_word' id='word_1_180' title='bbox 430 2158 787 2208; x_wconf 84' lang='lat' dir='ltr'><strong>matrimonium</strong></span> <span class='ocrx_word' id='word_1_181' title='bbox 814 2175 908 2205; x_wconf 90' lang='lat' dir='ltr'><strong>non</strong></span> <span class='ocrx_word' id='word_1_182' title='bbox 935 2158 1180 2214; x_wconf 83' lang='lat' dir='ltr'><strong>dirimunt,</strong></span> <span class='ocrx_word' id='word_1_183' title='bbox 1200 2159 1321 2220; x_wconf 82' lang='lat' dir='ltr'><strong>quia</strong></span> <span class='ocrx_word' id='word_1_184' title='bbox 1343 2176 1432 2206; x_wconf 85' lang='lat' dir='ltr'><strong>res</strong></span> <span class='ocrx_word' id='word_1_185' title='bbox 1428 2161 1670 2223; x_wconf 79' lang='lat' dir='ltr'><strong>promissa</strong></span> 
     </span>
     <span class='ocr_line' id='line_1_29' title="bbox 241 2225 1683 2287; baseline 0.001 -14"><span class='ocrx_word' id='word_1_186' title='bbox 241 2229 417 2287; x_wconf 84' lang='lat' dir='ltr'><strong>valide,</strong></span> <span class='ocrx_word' id='word_1_187' title='bbox 456 2226 572 2274; x_wconf 89' lang='lat' dir='ltr'><strong>licet</strong></span> <span class='ocrx_word' id='word_1_188' title='bbox 598 2241 695 2271; x_wconf 88' lang='lat' dir='ltr'><strong>non</strong></span> <span class='ocrx_word' id='word_1_189' title='bbox 720 2225 870 2282; x_wconf 85' lang='lat' dir='ltr'><strong>licite,</strong></span> <span class='ocrx_word' id='word_1_190' title='bbox 907 2234 1070 2287; x_wconf 85' lang='lat' dir='ltr'><strong>potest</strong></span> <span class='ocrx_word' id='word_1_191' title='bbox 1094 2225 1234 2272; x_wconf 85' lang='lat' dir='ltr'><strong>alteri</strong></span> <span class='ocrx_word' id='word_1_192' title='bbox 1253 2227 1402 2273; x_wconf 85' lang='lat' dir='ltr'><strong>vendi</strong></span> <span class='ocrx_word' id='word_1_193' title='bbox 1437 2238 1521 2277; x_wconf 79' lang='lat' dir='ltr'><strong>aut</strong></span> <span class='ocrx_word' id='word_1_194' title='bbox 1547 2228 1683 2284; x_wconf 79' lang='lat' dir='ltr'><strong>dari,</strong></span> 
     </span>
    </p>
   </div>
   <div class='ocr_carea' id='block_1_7' title="bbox 239 2293 1668 2420">
    <p class='ocr_par' dir='ltr' id='par_1_9' title="bbox 239 2293 1668 2420">
     <span class='ocr_line' id='line_1_30' title="bbox 239 2293 789 2345; baseline -0.015 -1"><span class='ocrx_word' id='word_1_195' title='bbox 239 2296 278 2345; x_wconf 80' lang='lat' dir='ltr'><strong>si</strong></span> <span class='ocrx_word' id='word_1_196' title='bbox 303 2294 420 2341; x_wconf 87' lang='lat' dir='ltr'><strong>nihil</strong></span> <span class='ocrx_word' id='word_1_197' title='bbox 446 2293 578 2339; x_wconf 84' lang='lat' dir='ltr'><strong>aliud</strong></span> <span class='ocrx_word' id='word_1_198' title='bbox 611 2293 789 2338; x_wconf 86' lang='lat' dir='ltr'><strong>obstet.</strong></span> 
     </span>
     <span class='ocr_line' id='line_1_31' title="bbox 306 2355 1668 2420; baseline -0.007 -10"><span class='ocrx_word' id='word_1_199' title='bbox 306 2356 372 2410; x_wconf 93' lang='grc'><strong>40·</strong></span> <span class='ocrx_word' id='word_1_200' title='bbox 422 2362 581 2408; x_wconf 81' lang='lat' dir='ltr'><strong>Votum</strong></span> <span class='ocrx_word' id='word_1_201' title='bbox 609 2357 743 2420; x_wconf 88' lang='lat' dir='ltr'><strong>quod</strong></span> <span class='ocrx_word' id='word_1_202' title='bbox 763 2356 966 2420; x_wconf 88' lang='lat' dir='ltr'><strong>impedit</strong></span> <span class='ocrx_word' id='word_1_203' title='bbox 989 2355 1172 2404; x_wconf 81' lang='lat' dir='ltr'><strong>licitam</strong></span> <span class='ocrx_word' id='word_1_204' title='bbox 1209 2357 1500 2409; x_wconf 84' lang='lat' dir='ltr'><strong>matrimonii</strong></span> <span class='ocrx_word' id='word_1_205' title='bbox 1538 2361 1668 2409; x_wconf 73' lang='lat' dir='ltr'><strong>cele.</strong></span> 
     </span>
    </p>
   </div>
   <div class='ocr_carea' id='block_1_8' title="bbox 237 2423 1681 3018">
    <p class='ocr_par' dir='ltr' id='par_1_10' title="bbox 237 2423 1681 3018">
     <span class='ocr_line' id='line_1_32' title="bbox 239 2423 1666 2486; baseline -0.001 -10"><span class='ocrx_word' id='word_1_206' title='bbox 239 2427 537 2485; x_wconf 74' lang='lat' dir='ltr'><strong>brationem,</strong></span> <span class='ocrx_word' id='word_1_207' title='bbox 567 2437 638 2473; x_wconf 87' lang='lat' dir='ltr'><strong>est</strong></span> <span class='ocrx_word' id='word_1_208' title='bbox 682 2436 848 2479; x_wconf 80' lang='lat' dir='ltr'><strong>votum</strong></span> <span class='ocrx_word' id='word_1_209' title='bbox 890 2423 1094 2486; x_wconf 87' lang='lat' dir='ltr'><strong>simplex</strong></span> <span class='ocrx_word' id='word_1_210' title='bbox 1124 2423 1357 2471; x_wconf 80' lang='lat' dir='ltr'><strong>eastitatis</strong></span> <span class='ocrx_word' id='word_1_211' title='bbox 1396 2425 1458 2477; x_wconf 55' lang='lat' dir='ltr'><strong>in,</strong></span> <span class='ocrx_word' id='word_1_212' title='bbox 1484 2429 1666 2476; x_wconf 87' lang='lat' dir='ltr'><strong>saeculo</strong></span> 
     </span>
     <span class='ocr_line' id='line_1_33' title="bbox 240 2489 1665 2553; baseline -0.001 -12"><span class='ocrx_word' id='word_1_213' title='bbox 240 2494 506 2549; x_wconf 70' lang='lat' dir='ltr'><strong>servandae,</strong></span> <span class='ocrx_word' id='word_1_214' title='bbox 558 2491 636 2545; x_wconf 85' lang='lat' dir='ltr'><strong>vel</strong></span> <span class='ocrx_word' id='word_1_215' title='bbox 678 2490 983 2553; x_wconf 86' lang='lat' dir='ltr'><strong>ingrediendi</strong></span> <span class='ocrx_word' id='word_1_216' title='bbox 1028 2489 1352 2551; x_wconf 86' lang='lat' dir='ltr'><strong>Religionem,</strong></span> <span class='ocrx_word' id='word_1_217' title='bbox 1391 2492 1467 2539; x_wconf 84' lang='lat' dir='ltr'><strong>vel</strong></span> <span class='ocrx_word' id='word_1_218' title='bbox 1515 2494 1665 2542; x_wconf 79' lang='lat' dir='ltr'><strong>susei-</strong></span> 
     </span>
     <span class='ocr_line' id='line_1_34' title="bbox 239 2556 1681 2623; baseline -0.001 -15"><span class='ocrx_word' id='word_1_219' title='bbox 239 2556 403 2623; x_wconf 86' lang='lat' dir='ltr'><strong>piendi</strong></span> <span class='ocrx_word' id='word_1_220' title='bbox 449 2575 613 2608; x_wconf 82' lang='lat' dir='ltr'><strong>sacros</strong></span> <span class='ocrx_word' id='word_1_221' title='bbox 663 2559 889 2613; x_wconf 84' lang='lat' dir='ltr'><strong>Ordines,</strong></span> <span class='ocrx_word' id='word_1_222' title='bbox 926 2557 1007 2613; x_wconf 68' lang='lat' dir='ltr'><strong>vel¹</strong></span> <span class='ocrx_word' id='word_1_223' title='bbox 1049 2573 1146 2603; x_wconf 86' lang='lat' dir='ltr'><strong>non</strong></span> <span class='ocrx_word' id='word_1_224' title='bbox 1192 2558 1424 2615; x_wconf 74' lang='lat' dir='ltr'><strong>nubendi.</strong></span> <span class='ocrx_word' id='word_1_225' title='bbox 1517 2561 1681 2614; x_wconf 79' lang='lat' dir='ltr'><strong>Quod,</strong></span> 
     </span>
     <span class='ocr_line' id='line_1_35' title="bbox 238 2624 1662 2688; baseline 0.001 -14"><span class='ocrx_word' id='word_1_226' title='bbox 238 2627 430 2688; x_wconf 88' lang='lat' dir='ltr'><strong>quidem</strong></span> <span class='ocrx_word' id='word_1_227' title='bbox 458 2636 625 2672; x_wconf 87' lang='lat' dir='ltr'><strong>votum</strong></span> <span class='ocrx_word' id='word_1_228' title='bbox 645 2625 784 2672; x_wconf 80' lang='lat' dir='ltr'><strong>valde</strong></span> <span class='ocrx_word' id='word_1_229' title='bbox 810 2624 967 2671; x_wconf 87' lang='lat' dir='ltr'><strong>differt</strong></span> <span class='ocrx_word' id='word_1_230' title='bbox 993 2640 1022 2670; x_wconf 85' lang='lat' dir='ltr'>a</span> <span class='ocrx_word' id='word_1_231' title='bbox 1045 2634 1158 2670; x_wconf 92' lang='lat' dir='ltr'><strong>voto</strong></span> <span class='ocrx_word' id='word_1_232' title='bbox 1182 2625 1385 2671; x_wconf 87' lang='lat' dir='ltr'><strong>solemni</strong></span> <span class='ocrx_word' id='word_1_233' title='bbox 1412 2627 1662 2686; x_wconf 83' lang='lat' dir='ltr'><strong>castitatis,</strong></span> 
     </span>
     <span class='ocr_line' id='line_1_36' title="bbox 239 2690 1661 2757; baseline 0 -18"><span class='ocrx_word' id='word_1_234' title='bbox 239 2694 373 2757; x_wconf 82' lang='lat' dir='ltr'><strong>quod</strong></span> <span class='ocrx_word' id='word_1_235' title='bbox 420 2692 658 2751; x_wconf 85' lang='lat' dir='ltr'><strong>emit-titur</strong></span> <span class='ocrx_word' id='word_1_236' title='bbox 703 2701 796 2754; x_wconf 72' lang='lat' dir='ltr'><strong>per</strong></span> <span class='ocrx_word' id='word_1_237' title='bbox 848 2690 1196 2754; x_wconf 73' lang='lat' dir='ltr'><strong>professionem</strong></span> <span class='ocrx_word' id='word_1_238' title='bbox 1250 2691 1524 2754; x_wconf 72' lang='lat' dir='ltr'><strong>religiosam</strong></span> <span class='ocrx_word' id='word_1_239' title='bbox 1576 2705 1661 2744; x_wconf 85' lang='lat' dir='ltr'><strong>aut</strong></span> 
     </span>
     <span class='ocr_line' id='line_1_37' title="bbox 237 2757 1663 2822; baseline -0.002 -13"><span class='ocrx_word' id='word_1_240' title='bbox 237 2775 483 2808; x_wconf 83' lang='lat' dir='ltr'><strong>sacrorum</strong></span> <span class='ocrx_word' id='word_1_241' title='bbox 510 2757 750 2805; x_wconf 86' lang='lat' dir='ltr'><strong>Ordinum</strong></span> <span class='ocrx_word' id='word_1_242' title='bbox 775 2757 1148 2820; x_wconf 85' lang='lat' dir='ltr'><strong>susceptionem,</strong></span> <span class='ocrx_word' id='word_1_243' title='bbox 1172 2758 1400 2822; x_wconf 87' lang='lat' dir='ltr'><strong>quodque</strong></span> <span class='ocrx_word' id='word_1_244' title='bbox 1438 2775 1531 2807; x_wconf 87' lang='lat' dir='ltr'><strong>non</strong></span> <span class='ocrx_word' id='word_1_245' title='bbox 1558 2770 1663 2808; x_wconf 87' lang='lat' dir='ltr'><strong>tan-</strong></span> 
     </span>
     <span class='ocr_line' id='line_1_38' title="bbox 239 2823 1662 2887; baseline -0.001 -13"><span class='ocrx_word' id='word_1_246' title='bbox 239 2839 352 2886; x_wconf 72' lang='lat' dir='ltr'><strong>tum</strong></span> <span class='ocrx_word' id='word_1_247' title='bbox 386 2835 458 2877; x_wconf 82' lang='lat' dir='ltr'><strong>est</strong></span> <span class='ocrx_word' id='word_1_248' title='bbox 481 2823 1204 2887; x_wconf 55' lang='lat' dir='ltr'><strong>impedimentum-aprohibem,</strong></span> <span class='ocrx_word' id='word_1_249' title='bbox 1229 2824 1511 2877; x_wconf 53' lang='lat' dir='ltr'><strong>&#39;semotim</strong></span> <span class='ocrx_word' id='word_1_250' title='bbox 1547 2827 1662 2876; x_wconf 54' lang='lat' dir='ltr'><strong>disti&lt;-</strong></span> 
     </span>
     <span class='ocr_line' id='line_1_39' title="bbox 239 2890 1675 2955; baseline -0.001 -14"><span class='ocrx_word' id='word_1_251' title='bbox 239 2909 406 2955; x_wconf 55' lang='lat' dir='ltr'><strong>mem,</strong></span> <span class='ocrx_word' id='word_1_252' title='bbox 431 2901 653 2941; x_wconf 81' lang='lat' dir='ltr'><strong>ut-antea</strong></span> <span class='ocrx_word' id='word_1_253' title='bbox 676 2890 904 2947; x_wconf 76' lang='lat' dir='ltr'><strong>dix-imus.</strong></span> <span class='ocrx_word' id='word_1_254' title='bbox 942 2943 947 2946; x_wconf 73' lang='grc'><strong>,</strong></span> <span class='ocrx_word' id='word_1_255' title='bbox 978 2940 981 2943; x_wconf 78' lang='grc'>,</span> <span class='ocrx_word' id='word_1_256' title='bbox 1033 2916 1049 2925; x_wconf 71' lang='grc'>-</span> <span class='ocrx_word' id='word_1_257' title='bbox 1601 2934 1603 2937; x_wconf 95' lang='grc'>.</span> <span class='ocrx_word' id='word_1_258' title='bbox 1636 2914 1675 2939; x_wconf 80' lang='lat'><strong>·;</strong></span> 
     </span>
     <span class='ocr_line' id='line_1_40' title="bbox 756 2958 1661 3018; baseline 0.002 -10"><span class='ocrx_word' id='word_1_259' title='bbox 756 2961 763 2965; x_wconf 85' lang='grc'><strong>’</strong></span> <span class='ocrx_word' id='word_1_260' title='bbox 1467 2958 1661 3018; x_wconf 71' lang='grc' dir='ltr'><strong>Ωιιανεε</strong></span> 
     </span>
    </p>
   </div>
  </div>
 </body>
</html>
