1846 3250
504 158 602 208 DE
639 154 1139 208 MATRIMONIO.
1438 155 1539 207 iil-40:21

113 294 175 344 ad
201 309 378 343 novum
404 293 760 340 matrimonium
786 292 992 340 transitu
1010 291 1105 339 hoc
1131 293 1312 353 conjux
1338 304 1541 339 conver-

112 378 195 412 sus
221 361 372 425 magis
398 376 542 424 quam
569 361 739 408 Fidem
762 360 971 408 inhiasse
996 359 1236 407 videatur.

182 429 330 482 Quod
354 428 393 475 si
419 427 637 475 Infidelis
661 439 854 490 tempus
891 426 952 475 ad
978 425 1348 474 deliberandum
1374 435 1544 489 postu·

112 496 301 555 laverit,
328 495 694 559 expectandum
720 495 811 542 erit
838 494 999 541 donec
1026 510 1130 541 rem
1154 503 1307 541 totam
1324 499 1544 557 ,perpeti-

115 562 259 612 derit.
336 563 386 610 Si
412 572 577 612 autem
602 562 664 609 de
690 562 770 609 die
794 561 843 607 in
878 561 1008 608 diem
1034 577 1194 609 moras
1219 561 1282 609 de
1308 560 1547 610 industria

112 639 299 687 nectat,
351 630 582 679 idoneum
639 640 834 692 tempus
875 628 1252 676 concedendum
1300 627 1410 686 erit,
1447 645 1546 692 quo

111 697 263 745 semel
289 698 471 761 elapSO,
498 713 609 766 pars
631 696 789 744 fidelis
815 695 877 743 ad
902 711 1051 744 novas
1067 695 1261 760 nuptias
1284 696 1546 745 convolare

116 765 314 828 poterit
1459 797 1462 800 Δ

189 831 461 888 Quoeres5<⁰
472 848 483 859 ·
519 847 580 879 an
622 831 783 895 proles
820 829 956 893 sequi
1002 830 1201 879 debeat
1227 802 1547 929 Conversum,

115 915 177 947 an
205 898 496 946 infidelem.
485 899 509 931 9

183 965 251 1015 R.
275 982 389 1017 cum
416 966 468 1013 S.
498 965 704 1021 Thoma,
741 982 781 1013 sz
773 963 955 1030 proles
985 963 1252 1029 pervenerit
1276 965 1343 1011 ad
1371 935 1549 1029 perfic-

116 1042 211 1081 tam
242 1040 440 1087 oetatem,
478 1049 609 1097 quem
634 1031 831 1080 voluerit
871 1030 1013 1078 libere
1035 1032 1166 1095 sequi
1184 1032 1399 1093 poterit;
1438 1034 1553 1095 quia

118 1115 262 1149 nemo
285 1100 348 1148 ad
376 1099 543 1147 Fidem
582 1097 835 1162 cogendus
872 1108 961 1154 est,
997 1099 1086 1144 sed
1121 1096 1426 1146 alliciendus.
1499 1102 1555 1147 Si

117 1185 226 1216 vero
250 1168 300 1215 in
324 1168 494 1215 mznorz'
517 1174 655 1214 oetate
677 1166 737 1213 sit
760 1165 1052 1225 constituta-9,
1090 1165 1201 1214 dari
1223 1166 1355 1214 debet
1379 1165 1552 1229 Firmi,

116 1250 184 1283 -ne
207 1235 269 1282 ab
295 1233 488 1294 Infideli
515 1243 839 1299 pervertatur·

121 1369 168 1434 ἓ.
194 1374 238 1418 3.
272 1368 356 1417 De
376 1369 616 1432 firmitate
639 1367 809 1417 vinculi
845 1366 1104 1432 conjugalis
1147 1366 1256 1425 olim
1296 1370 1427 1433 apud
1462 1341 1555 1420 'chss

308 1436 450 1493 doeos‚
485 1453 548 1485 an
572 1434 826 1485 solveretur
844 1453 931 1502 per
953 1434 1157 1483 libellum
1182 1438 1384 1499 repudii·

193 1572 394 1621 Certum
423 1580 495 1620 est
525 1572 601 1618 10·
638 1585 927 1618 conoessum
971 1569 1122 1618 fnisse
1164 1569 1351 1619 Judaeis
1377 1587 1556 1621 uxores

124 1654 234 1688 suas
258 1639 426 1686 libello
449 1638 632 1700 scripto
656 1637 933 1700 repudiare,
970 1637 1181 1696 Deuter.
1211 1641 1294 1685 24.
1542 1674 1545 1675 γ

193 1707 394 1754 Certum
434 1704 628 1752 videtur
664 1706 746 1751 ¹:20·
794 1704 858 1753 ad
902 1704 1150 1754 Christum
1192 1721 1349 1768 usque
1389 1722 1558 1770 perse-

122 1788 315 1822 verasse
355 1771 487 1835 apud
528 1771 729 1820 Judaeos
754 1771 902 1819 libelli
929 1771 1120 1834 repudii
1158 1788 1314 1830 usum,
1353 1785 1408 1821 ut
1442 1790 1562 1821 con-

122 1851 218 1901 stat
259 1850 364 1887 tum
403 1855 473 1887 ex
507 1838 668 1886 Libris
708 1837 1082 1902 Prophetarum,
1120 1849 1224 1886 tum
1268 1856 1333 1887 ex
1372 1840 1557 1889 Matth.

131 1911 209 1958 19.
234 1924 278 1954 v.
305 1910 352 1954 3.

198 1977 268 2021 At
315 1971 707 2021 controvertitur,
749 1982 910 2020 utrum
959 1988 1048 2036 per
1095 1973 1314 2022 libellum
1362 1960 1557 2040 repudii
1618 1978 1620 1980 ’

128 2041 374 2092 vinculum
406 2041 666 2102 conjugale
701 2041 989 2087 solveretur.
1059 2041 1160 2096 Alii
1200 2041 1321 2089 illud
1358 2055 1558 2107 negant,

130 2107 486 2158 contendentes
512 2106 767 2170 repudium
806 2106 957 2154 fuisse
982 2111 1011 2155 ἐι
1037 2108 1149 2155 Deo
1174 2109 1434 2156 toleratum
1462 2126 1560 2158 non

127 2186 358 2239 tanquam
400 2190 503 2222 rem
543 2173 745 2231 licitam,
781 2174 869 2222 sed
911 2185 1140 2238 tanquam
1181 2175 1339 2224 minus
1377 2178 1560 2226 malum

127 2259 227 2307 quo
265 2241 487 2305 graviora
525 2241 903 2306 deelinarentur,
947 2241 1160 2305 ideoque
1208 2259 1297 2306 per
1338 2243 1561 2292 libellum

128 2308 318 2372 repudii
340 2309 587 2356 vinculum
615 2308 872 2371 conjugale
907 2309 1038 2371 apud
1062 2310 1264 2367 Judaeos
1289 2327 1383 2358 non
1409 2311 1561 2360 fnisse

129 2376 435 2425 dissolutum·
509 2375 611 2423 Alii
635 2375 889 2433 affirmant,
928 2376 1265 2429 existimantes
1300 2377 1563 2441 repudium

130 2443 314 2492 Judaeis
338 2442 535 2506 quidem
572 2442 723 2491 fuisse
766 2458 1054 2501 concessum
1097 2454 1299 2507 propter
1331 2445 1560 2494 duritiam

132 2510 311 2567 cordis,
346 2509 434 2557 sed
458 2509 580 2557 illud
601 2509 752 2557 fuisse
788 2509 975 2557 licitum
1001 2521 1052 2558 et
1076 2512 1223 2575 culpa
1246 2527 1463 2568 vacasse,
1499 2528 1559 2562 ac

131 2593 246 2630 ,vere
270 2592 356 2641 per
379 2576 500 2627 illud
523 2577 809 2626 dissolutum
830 2576 978 2626 fuisse
1015 2579 1272 2643 conjugale
1296 2579 1562 2641 vinculum.

714 2988 758 3041 Q
784 3003 814 3051 q
1403 2986 1563 3036 PRO.
