1852 3250
283 149 348 196 26
781 149 1200 216 TRACTATUS

283 285 562 349 Evagrium‚
601 295 648 334 ct
671 285 806 335 alios.
880 292 945 336 5⁰·
971 288 1199 351 Denique
1227 291 1379 339 Cone.
1418 289 1551 338 Trid.
1580 307 1694 338 sess„

283 356 364 402 23.
404 370 447 401 c.
472 357 519 402 6.
545 354 615 401 sic
635 354 811 403 babet:
853 357 904 404 Si
928 357 1029 421 quis
1053 357 1223 406 dixerit
1248 359 1296 406 in
1313 356 1518 407 Ecclesia
1543 360 1697 406 catho-

279 421 368 470 lica
393 439 486 470 non
512 440 608 471 esse
631 423 956 480 hierarchiam
990 424 1147 473 divina
1177 428 1487 474 ordinatione
1512 428 1697 475 institu-

279 498 391 546 tam,
427 507 532 554 quae
554 500 803 549 constater
821 493 1079 557 Ερῑεσορὶε,
1117 493 1430 560 Proesbyterz‘s
1455 503 1498 543 et
1525 495 1698 542 Minis-

279 557 409 613 teris,
446 559 693 608 anathema
717 560 793 613 sit.
864 560 958 608 Per
985 560 1237 610 Ministros
1272 573 1435 610 autem
1470 558 1697 626 intelligit

280 626 546 675 Diaconos.
617 627 919 677 Diaconatus
956 628 1105 692 igitur
1139 646 1168 678 a
1212 631 1405 679 Clnisto
1451 630 1697 678 institutus

280 704 398 808 &Sko
1291 719 1293 722 ⁴

401 762 592 811 ·Ritus
629 762 678 810 in
717 763 1036 812 Ordinatione
1078 758 1412 814 Diaconorum
1453 765 1697 814 adhibitus

276 829 326 879 in
344 765 569 879 Ecclesia
591 831 682 880 fuit
700 844 926 880 constans
941 849 1001 880 ac
1021 845 1301 899 perpetuus.
1339 837 1543 884 Constat
1567 834 1706 882 enim'

277 915 341 946 ex
367 898 630 948 innumeris
656 901 954 948 Auctoribus
990 918 1049 949 ac
1085 904 1409 951 monumentis
1444 902 1700 953 ecelesias—

275 966 385 1016 ticis
408 967 505 1017 ab
494 984 599 1032 ipso
625 969 863 1017 Ecclesiae
898 969 1102 1017 exordio
1139 986 1226 1035 per
1251 988 1477 1019 manuum
1504 971 1698 1035 imposi-

276 1036 458 1086 tionem
498 1047 546 1084 et
586 1038 852 1086 orationem
886 1037 1132 1086 ordinatos
1167 1039 1315 1087 fuisse
1339 1039 1605 1097 Diaconos,
1645 1048 1697 1088 ut

274 1120 414 1151 suum
455 1103 770 1154 ministerium
821 1105 1170 1161 Sacerdotibus
1205 1108 1567 1160 celebrantibus
1607 1107 1697 1155 im«

273 1172 562 1236 penderent.

708 1376 961 1436 Solvuntur
989 1378 1287 1444 Objectiones.

344 1513 448 1579 047.
481 1517 554 1560 ·1⁰·
590 1514 706 1560 Act.
727 1518 776 1563 6.
824 1514 1033 1562 Diaconi
1072 1514 1301 1563 dicuntur
1339 1514 1589 1563 constituti
1627 1516 1693 1562 ab.

276 1580 546 1645 Apostolis,
583 1597 676 1628 nec
712 1581 916 1645 proinde
941 1598 969 1629 a
995 1582 1205 1630 Christo.
1275 1583 1481 1647 Insuper
1510 1583 1689 1640 ibidem

273 1650 503 1699 dicuntur
520 1649 773 1700 constituti
796 1650 858 1696 ad
877 1649 1192 1698 ministerium
1218 1666 1488 1698 mensarum
1511 1670 1522 1698 ι
1560 1650 1688 1714 quod

273 1733 388 1766 sane
413 1734 546 1765 mere
570 1717 823 1780 profanum
850 1728 941 1765 est.
1013 1718 1146 1782 Ergo
1184 1718 1471 1767 diaconatus
1496 1736 1593 1766 non
1618 1729 1691 1767 est

276 1788 698 1836 Sacramentum.

344 1855 407 1905 R.
431 1855 497 1901 ad
532 1857 575 1900 1.
617 1829 866 1901 Diaconos
908 1825 1104 1916 quidem
1140 1856 1203 1903 ab
1249 1853 1506 1919 Apostolis
1540 1853 1690 1903 fuisse

273 1921 477 1978 electos,
503 1921 809 1978 constitutos,
836 1921 1098 1983 ordinatos,
1123 1922 1219 1981 ab
1208 1923 1264 1970 iis
1289 1940 1404 1971 vero
1425 1939 1518 1970 non
1543 1922 1691 1970 fuisse

272 1990 546 2039 institutum
572 1990 912 2045 diaconatum;
947 2006 1057 2037 cum
1096 2007 1125 2039 a
1158 1991 1295 2039 nobis
1331 1993 1585 2053 probatum
1629 1990 1691 2038 sit

272 2059 404 2108 hunc
430 2057 665 2106 Ordinem
690 2056 839 2105 fuisse
865 2073 893 2103 a
919 2057 1114 2107 Christo
1140 2058 1430 2115 institutum,
1467 2059 1584 2106 licet
1608 2058 1688 2106 ille

274 2126 525 2173 Diaconos
549 2141 642 2173 nec
668 2125 960 2172 ordinaverit
986 2142 1078 2173 nec
1104 2127 1322 2189 elegerit.
1403 2127 1483 2174 Sic
1511 2128 1687 2174 Extre-

270 2208 396 2254 mam
424 2193 724 2243 Unctionem
749 2192 975 2245 instituit,
1012 2194 1130 2241 licet
1170 2210 1417 2258 nunquam
1453 2193 1573 2242 illud
1602 2195 1687 2241 Sa-

272 2272 573 2315 cramentum
596 2260 1015 2309 administraverit.

343 2331 492 2380 Adss.
516 2330 623 2377 dist.
660 2329 871 2376 Diaconi
912 2328 1250 2391 abprostolis
1287 2326 1537 2390 constituti
1577 2337 1686 2379 sunt

272 2398 335 2446 ad
361 2397 675 2445 ministerium
716 2413 986 2445 mensarum
1021 2414 1128 2461 quae
1167 2396 1310 2444 etiam
1348 2406 1485 2443 crant
1518 2412 1684 2452 sacrae,

211 2490 214 2495 ¹
270 2483 393 2514 conc.
417 2466 477 2513 ad
504 2465 819 2513 ministerium
843 2480 1114 2513 mensarum
1135 2464 1479 2523 communium,
1496 2464 1685 2511 subdi-st„

273 2533 523 2597 Tanquam
567 2533 629 2581 ad
655 2549 827 2580 munus
862 2532 1219 2588 secundarium,
1258 2548 1381 2589 conc.
1407 2531 1685 2593 primarum,

270 2620 374 2665 neg.
410 2602 585 2664 Itaque
610 2617 805 2657 mensae,
840 2600 903 2648 ad
944 2616 1144 2664 quarum
1186 2598 1499 2647 ministerium
1540 2599 1688 2647 electi

270 2679 384 2716 sunt
416 2669 641 2723 Diaconi,
680 2685 776 2716 non
818 2677 956 2715 erant
994 2679 1180 2714 tantum
1223 2683 1401 2713 mensae
1444 2667 1685 2729 vulgares,

270 2736 358 2784 sed
382 2735 527 2783 etiam
554 2752 734 2782 mensae
757 2751 936 2783 sacrae:
973 2734 1193 2785 nimirum
1221 2751 1376 2782 mores
1402 2747 1504 2782 erat
1526 2736 1684 2799 Apos‘-

271 2804 479 2863 tolorum
508 2803 805 2866 temporibus
848 2820 957 2850 cum
1000 2802 1168 2866 agapis
1195 2813 1244 2849 ct
1269 2802 1499 2849 conviviis
1525 2803 1681 2850 chari-

272 2871 397 2919 tatis
419 2871 651 2918 sacraficii
693 2870 1069 2919 celebrationem
1111 2880 1159 2917 et
1197 2871 1331 2932 panis
1374 2869 1678 2919 eucharistici

272 2938 658 2991 distributionem
708 2943 1022 3003 conjtmgere,
1074 2938 1135 2995 ad
1177 2934 1682 3012 csempimnſjChristj

1166 3023 1177 3037 ν
1600 3020 1680 3068 qui
