1846 3250
103 0 170 8 »ΑΓ-κεν

181 134 186 142 ’
216 136 316 206 ‘2¹00
504 209 513 217 ,
716 137 1140 209 TRAcTATUs

216 303 277 334 eo
304 285 430 350 quod
457 283 753 333 continentia
778 284 1091 334 Matri‘monio
1114 284 1176 334 sit
1200 286 1477 350 perfectior.
1538 290 1623 338 Sic

219 355 312 402 dici
343 364 502 416 potest
523 371 534 399 :
571 354 759 400 Bonum
783 361 848 400 est
871 372 961 402 non
985 353 1158 412 ludere,
1194 355 1310 403 licet
1333 356 1501 404 ludere
1525 373 1623 404 non

215 437 405 484 semper
428 420 486 468 sit
513 420 704 467 malum.

289 489 389 552 Obj.
426 491 498 535 30.
538 488 645 536 Ibid
682 506 727 536 v,
766 491 811 536 5.
861 488 1159 536 Matrimonii
1190 507 1343 538 ‘usum
1394 494 1622 541 concedit

219 556 486 619 Apostolus
543 558 788 605 secundum
837 557 1187 622 indulgentiam,
1244 577 1334 606 non
1375 562 1621 609 ‘secundum

215 625 471 687 imperium.
539 624 684 678 Quod
730 633 891 672 autem
938 641 1025 687 per
1065 625 1412 689 indulgentiam
1451 645 1625 676 conse-

219 692 364 749 ditur,
401 708 497 738 non
521 703 591 739 est
618 694 811 749 bonum,
848 692 932 739 sed
957 692 1193 740 illicitum.
1634 747 1641 754 ,

285 760 350 807 R.
390 761 498 808 dist.
537 759 855 807 *Matrimonii
900 777 1038 807 usum
1086 761 1314 809 concedit
1361 778 1424 809 ex
1465 762 1623 810 indul-

218 828 397 891 gentia,
437 827 549 890 quia
574 843 685 874 usus
723 828 804 875 ille
845 837 916 875 est
942 828 1123 890 aliquid
1166 830 1330 876 minus
1350 829 1624 892 perfectum

218 912 361 960 quam
386 895 698 949 continentia,
725 913 847 943 conc.
881 896 991 956 quia
1030 907 1103 942 est
1127 896 1307 960 aliquid
1348 898 1396 943 in
1436 915 1487 946 se
1524 916 1628 947 ma-

215 966 314 1011 lum
357 981 458 1028 neg.
532 963 655 1010 Nam
700 962 737 1009 si
779 963 1076 1010 Matrimonii
1121 979 1232 1011 usus
1278 975 1404 1012 esset
1451 967 1621 1024 malus,

216 1031 477 1095 nequidem
520 1047 582 1078 ex
624 1029 926 1093 indulgentia
967 1032 1099 1078 illum
1137 1032 1437 1095 permitteret
1464 1037 1625 1097 Apos-

215 1100 355 1147 tolus.

285 1168 385 1232 Obj.
421 1169 500 1214 40·
537 1167 681 1213 Rom.
709 1169 753 1214 8.
787 1183 833 1212 v.
863 1169 909 1213 8.
970 1168 1061 1223 Qui
1085 1167 1132 1215 in
1169 1184 1309 1215 carne
1348 1177 1470 1226 sunt,
1518 1171 1623 1218 Deo

207 1235 393 1301 placere
420 1253 509 1282 non
533 1242 740 1298 possunt.
810 1234 959 1297 Ergo,
996 1239 1084 1282 ὅτε.
1575 1244 1578 1247 ’

284 1304 345 1351 R.
369 1303 476 1349 dist.
526 1301 619 1354 Qui
661 1302 710 1347 in
760 1317 904 1348 carne
951 1313 1077 1358 sunt,
1116 1302 1164 1348 id
1204 1312 1293 1359 est,
1332 1302 1413 1366 qui
1453 1313 1621 1353 contra

215 1369 433 1434 spiritum
462 1369 560 1416 Dei
584 1379 750 1431 agunt,
788 1369 1044 1432 pravisque
1088 1372 1241 1418 carnis
1281 1370 1527 1418 desideriis
1552 1372 1623 1418 in-

216 1439 434 1500 dulgent,
473 1438 583 1484 Deo
609 1437 803 1499 placere
827 1453 922 1484 non
942 1448 1160 1500 possunt,
1179 1455 1301 1487 conc.
1327 1438 1406 1501 qui
1432 1442 1619 1488 nubunt

211 1508 258 1552 in
287 1507 515 1562 De0,nec
541 1504 817 1553 libidinibus
850 1505 1017 1552 laxant
1041 1505 1267 1560 habenas,
1288 1507 1398 1554 Deo
1425 1508 1620 1569 placere

212 1590 309 1620 non
354 1581 570 1636 possunt,
608 1590 712 1636 neg.
805 1572 942 1619 Dicit
971 1573 1114 1619 ‘enim
1167 1575 1457 1636 Apostolos:
1513 1577 1620 1624 Volo

192 1642 413 1708 juniores
450 1639 633 1698 nubere,
651 1639 790 1702 filios
818 1657 1102 1705 procreare.-
1139 1642 1274 1688 uxori
1312 1643 1385 1690 vir
1424 1644 1622 1691 debitum

208 1710 388 1758 reddat.
1391 1713 1396 1716 ⁴

279 1777 380 1840 Obj.
414 1779 496 1822 5⁰·
532 1775 591 1821 Id
632 1785 765 1822 certe
790 1775 991 1822 ·malum
1038 1784 1263 1839 est„quo
1293 1776 1511 1825 homines
1549 1779 1619 1825 ab

209 1854 390 1892 aeterno
416 1842 636 1891 convivio
675 1842 1018 1890 excluduntur.
1089 1845 1242 1905 Atqui
1278 1844 1493 1893 homines
1532 1862 1621 1908 per

208 1912 399 1975 nuptias
418 1913 477 1958 ab
504 1919 687 1958 aeterno
714 1910 933 1958 convivio
969 1911 1313 1965 excluduntur,
1351 1922 1404 1960 ut
1430 1924 1619 1961 constat

209 1997 272 2028 ex
302 1981 351 2027 S.
380 1979 517 2027 Luca
548 1981 625 2026 14.
672 1980 868 2028 Uxorem
915 1979 1029 2027 duxi
1072 1987 1116 2027 et
1154 1980 1256 2028 ideo
1303 1997 1392 2028 non
1430 1998 1617 2045 possum

206 2050 377 2103 venire,
414 2046 635 2094 nimirum
679 2047 742 2093 ad
784 2063 971 2094 coenam
1014 2047 1379 2110 patrisfamilias,
1404 2065 1507 2112 quae
1545 2059 1619 2097 est

208 2116 360 2163 eterni
387 2114 591 2177 convivii
616 2114 785 2176 figura.

276 2185 338 2230 R.
376 2182 706 2229 exclusionem
733 2198 761 2228 a
786 2180 1006 2229 convivio
1032 2181 1092 2229 de
1118 2182 1294 2245 quoibi
1319 2184 1493 2247 agitur,
1515 2200 1615 2231 vnon

208 2251 254 2297 in
281 2250 472 2313 nuptias
498 2266 605 2313 quae
630 2249 690 2297 de
715 2266 767 2296 se
793 2249 930 2296 bonae
966 2261 1092 2306 sunt,
1127 2251 1213 2297 sed
1238 2251 1284 2297 in
1321 2251 1474 2313 ipsum
1502 2267 1616 2308 con?

200 2325 369 2381 jugem
404 2335 508 2365 esse
552 2316 889 2379 rejiciendam;
929 2333 1038 2363 cum
1081 2328 1245 2379 posset
1281 2334 1355 2365 res
1398 2334 1506 2365 suas
1546 2319 1617 2366 ita

205 2387 426 2434 ordinare
453 2397 504 2433 ut
529 2385 683 2448 gratia
706 2383 794 2431 sibi
814 2384 975 2432 oblata
999 2384 1255 2432 frueretur.

281 2454 383 2516 OQj.
407 2458 456 2502 6.
498 2453 638 2501 Actis
662 2453 859 2515 quinon
892 2462 1052 2515 potest
1077 2453 1262 2515 expleri
1303 2452 1406 2500 sine
1441 2454 1611 2516 volup-

203 2522 313 2568 tatis
350 2538 510 2575 sensu,
574 2531 829 2586 peccatum
866 2531 953 2569 est.
1024 2520 1175 2584 Atqui
1213 2520 1318 2568 talis
1359 2531 1430 2568 est
1472 2531 1610 2569 actus

202 2589 519 2636 Matrimonii.

272 2658 333 2703 R.
379 2658 485 2704 dist.
557 2657 606 2704 Si
653 2655 913 2720 voluptatis
958 2670 1124 2704 sensus
1174 2656 1465 2711 dominetur,
1518 2672 1611 2705 nec

204 2724 330 2772 intra
353 2724 543 2771 debitos
584 2724 703 2771 fines
735 2724 1060 2779 contineatur,
1097 2742 1216 2773 conc.
1241 2724 1279 2772 si
1306 2724 1611 2772 contineatur

202 2811 245 2839 v.
272 2808 321 2854 g.
344 2791 598 2854 expleatur
635 2807 781 2839 causa
816 2791 1134 2858 suscipiendae
1159 2791 1305 2854 prolis
1329 2792 1375 2839 in
1403 2808 1497 2855 qua
1520 2792 1605 2839 be-

205 2860 452 2907 nedicatut
479 2875 653 2907 nomen
690 2859 904 2916 Domini,
942 2875 1041 2925 neg.
1113 2866 1145 2887 ‘⁴
1171 2861 1218 2907 Is
1256 2860 1381 2908 enim
1420 2875 1603 2918 sensus,

206 2934 234 2956 ‘⁴
273 2928 338 2976 ait
363 2927 638 2992 Theologos
663 2926 958 2989 Parisiensis,
996 2937 1067 2975 est
1103 2928 1240 2977 nobis
1269 2945 1302 2977 >a
1327 2936 1496 3040 naturctla
1536 2926 1607 2971 in-

1404 3000 1433 3024 ‘⁶
1494 2994 1602 3051 itus,
