1846 3250
267 176 366 229 160
771 177 1186 238 TRACTATUS

264 308 341 364 vel
376 311 546 358 saltem
584 311 772 360 duobus
799 311 1055 378 Episcopis
1093 313 1264 372 factas»,
1317 331 1423 364 esse
1464 315 1670 374 illicitas,

262 393 355 424 nec
381 394 486 426 esse
511 388 638 426 ratas
666 381 826 444 quoad
840 381 1072 430 honorem
1098 392 1147 433 et
1172 399 1309 432 usum
1333 400 1391 432 ac
1408 385 1673 446 jurisdicti-

264 461 422 501 onem,
461 463 557 494 non
583 464 697 495 vero
739 464 820 502 eas
858 450 1016 512 quoad
1037 452 1354 508 substantiam
1385 463 1432 502 et
1458 464 1670 517 potesta

262 523 362 561 tem
390 514 585 565 Ordinis
606 533 711 575 esse
725 516 976 567 invalidas.

262 649 288 715 ξ
326 653 371 697 4.
413 624 496 699 De
536 652 897 777 Ρνσεεητίηεηέὶἶ
941 655 1272 721 Episcoporum
1324 672 1466 722 supra
1507 656 1668 715 Praes

885 731 1056 785 yteros·

325 856 529 920 Duplex
568 855 882 921 distinguitur
918 868 1152 923 potestas,
1208 858 1405 908 Ordinis
1445 859 1668 910 nimirum

260 936 307 981 et
324 926 357 974 J
361 924 701 975 unsdicnoms
769 926 993 975 Potestas
1013 926 1210 975 Ordinis
1235 938 1306 986 est
1328 938 1542 992 potestas
1556 945 1671 976 con·

254 993 450 1043 finiendi
489 993 820 1049 Sacramenta,
855 1012 900 1041 v.
926 1012 978 1058 g.
1019 984 1389 1052 Eucharistiam,
1418 995 1670 1045 Ordinem.

258 1061 483 1109 Potestas
507 1057 866 1111 Jurisdictionis
903 1074 976 1110 est
1023 1072 1237 1127 potestas
1264 1063 1466 1127 regendi
1492 1064 1667 1112 Eccle-

254 1128 389 1187 siam,
428 1146 472 1175 v.
500 1146 546 1194 g.
582 1145 751 1187 causas
784 1130 1130 1207 cognoscendi,
1171 1136 1253 1194 jus
1294 1129 1503 1190 dicendi,
1536 1132 1665 1196 Judi-

257 1197 385 1255 cium
406 1197 666 1254 ferendiin
692 1197 849 1247 causis
870 1198 1022 1255 Fidei

323 1265 536 1319 Quaestio
576 1275 650 1313 est
695 1281 757 1313 an
807 1277 1009 1330 utraque
1056 1275 1299 1331 potestate
1351 1254 1666 1331 Praesbyteris

253 1333 485 1398 Episcopi
509 1334 605 1381 sint
628 1333 943 1397 superiores?
982 1335 1194 1398 Negavit
1218 1335 1377 1397 quoad
1409 1345 1664 1400 utramque

252 1414 441 1465 partem
467 1404 646 1451 Aerius
670 1402 865 1457 labente
889 1404 1066 1451 saeculo
1108 1406 1161 1457 4,
1185 1403 1424 1461 Eumdem
1455 1420 1665 1453 errorem

250 1471 402 1519 secuti
429 1481 541 1518 sunt
566 1479 737 1533 postea
761 1470 1072 1536 Albigenses‚
1100 1470 1387 1528 Vafflenses,
1438 1472 1664 1528 Calvinus

252 1550 302 1593 et
327 1539 474 1602 ipsius
501 1538 738 1597 Asseclae.

275 1650 278 1655 .
321 1606 561 1665 Catholici
588 1621 702 1653 vero
729 1621 894 1653 omnes
921 1616 1200 1654 constanter
1224 1606 1497 1655 docuerunt
1524 1607 1663 1671 Epis-

252 1690 419 1738 copes,
448 1682 681 1736 quantum
705 1672 766 1721 ad
792 1684 1085 1738 potestatem
1113 1674 1326 1730 Ordinis,
1354 1682 1464 1736 jure
1502 1675 1663 1723 divino

248 1758 524 1806 superiores
548 1757 668 1802 esse.
740 1742 811 1789 At
831 1757 927 1800 non
952 1742 1262 1789 consentiunt
1286 1758 1346 1789 an
1362 1743 1534 1790 eodem
1552 1749 1664 1805 jure

252 1809 505 1873 Episcopi,
566 1818 799 1873 quantum
844 1809 908 1857 ad
951 1808 1310 1859 Jurisdictionis
1353 1820 1662 1872 potestatem,

251 1875 570 1941 Piaesbyteris
611 1877 705 1925 sint
747 1878 1037 1940 superiores.
1108 1878 1169 1925 Id
1191 1877 1426 1935 affirmant
1450 1894 1669 1927 commu·

250 1947 378 1995 niter
403 1945 674 2008 Theologi:
710 1944 807 2018 imo
843 1945 940 2003 alii,
977 1955 1031 1993 ut
1054 1945 1363 2008 Vasquesius‚
1399 1945 1495 1993 hoc
1525 1945 1662 1993 Fidei

252 2032 358 2063 esse
384 2014 724 2069 contendunt;
739 2005 854 2068 alii,
892 2024 943 2062 ut
971 2013 1303 2070 Maldonatus,
1339 2012 1477 2062 Fidei
1500 2014 1661 2076 proxi-

249 2098 392 2142 mum
421 2091 673 2137 asserunt3
709 2080 805 2138 alii,
842 2082 911 2129 ita
935 2092 1123 2130 certum
1157 2093 1210 2130 ut
1244 2082 1347 2128 sine
1386 2082 1664 2135 semeritate

252 2149 419 2214 negari
446 2166 542 2212 non
568 2148 735 2214 possit,
771 2150 887 2204 licet
911 2150 1124 2198 nondum
1150 2165 1367 2214 espresse
1392 2151 1451 2197 ab
1487 2150 1663 2201 Eccle-

248 2219 318 2267 sia
367 2217 635 2274 definitum‚
672 2217 748 2276 ita⁸
786 2216 1025 2271 Morinus.
1112 2218 1296 2266 Contra
1341 2216 1555 2265 Joannes
1596 2217 1658 2265 de

252 2287 642 2343 Turrecre'mata,
687 2283 1006 2332 Bellarminus
1048 2294 1100 2332 et
1132 2285 1213 2332 alii
1239 2285 1658 2332 Ultramontenses

246 2356 463 2410 fatentur
498 2352 693 2418 quidem
732 2351 1001 2416 Episcopos
1037 2362 1316 2400 constanter
1347 2351 1396 2397 in
1435 2352 1660 2406 Ecclesia

250 2424 400 2481 fuisse
454 2418 766 2485 Praesbyteris
815 2419 1171 2482 jurisdictione·
1208 2419 1511 2483 superiores:
1571 2421 1659 2468 sed

251 2500 436 2554 negant
467 2488 538 2538 sic
574 2494 688 2553 jure
724 2487 886 2537 divino
926 2487 1073 2537 fuisse
1115 2487 1445 2535 constitutum.
1515 2489 1660 2536 Arbi—

250 2569 444 2610 trantur,
462 2574 575 2615 vero
603 2556 882 2623 Episcopos*
906 2556 1031 2605 hanc
1072 2571 1215 2619 quam
1250 2554 1296 2601 in
1327 2555 1551 2604 Ecclesia
1573 2573 1659 2604 ex-

252 2637 421 2677 ercent
460 2624 864 2687 jurisdictionem,
908 2640 937 2675 a
975 2625 1110 2687 Papa
1157 2623 1309 2671 omnis
1355 2623 1663 2677 auctoritatis

252 2693 597 2742 ecclesiasticae
621 2692 772 2749 fonte,
810 2707 906 2738 non
946 2708 976 2753 a
1000 2691 1193 2744 Christo
1228 2690 1503 2749 immediate
1528 2707 1587 2746 ac
1610 2692 1655 2746 vi

253 2760 581 2820 Ordinationis
605 2776 702 2816 suae
727 2759 951 2815 mutuari.

1428 3077 1434 3082 .
1492 3040 1652 3088 PRO·
