<?xml version="1.0" encoding="UTF-8"?>
<!DOCTYPE html PUBLIC "-//W3C//DTD XHTML 1.0 Transitional//EN"
    "http://www.w3.org/TR/xhtml1/DTD/xhtml1-transitional.dtd">
<html xmlns="http://www.w3.org/1999/xhtml" xml:lang="en" lang="en">
 <head>
  <title>
</title>
<meta http-equiv="Content-Type" content="text/html;charset=utf-8" />
  <meta name='ocr-system' content='tesseract 3.04.00' />
  <meta name='ocr-capabilities' content='ocr_page ocr_carea ocr_par ocr_line ocrx_word'/>
</head>
<body>
  <div class='ocr_page' id='page_1' title='image "./theologica00bailuoft_0195.png"; bbox 0 0 1846 3250; ppageno 0'>
   <div class='ocr_carea' id='block_1_1' title="bbox 563 174 1601 223">
    <p class='ocr_par' dir='ltr' id='par_1_1' title="bbox 563 174 1601 223">
     <span class='ocr_line' id='line_1_1' title="bbox 563 174 1601 223; baseline 0 -1"><span class='ocrx_word' id='word_1_1' title='bbox 563 174 660 223; x_wconf 89' lang='lat' dir='ltr'>DE</span> <span class='ocrx_word' id='word_1_2' title='bbox 698 174 1196 223; x_wconf 87' lang='lat' dir='ltr'>MATRIMONIO.</span> <span class='ocrx_word' id='word_1_3' title='bbox 1491 177 1601 223; x_wconf 89' lang='grc'>191·</span> 
     </span>
    </p>
   </div>
   <div class='ocr_carea' id='block_1_2' title="bbox 158 308 1603 3031">
    <p class='ocr_par' dir='ltr' id='par_1_2' title="bbox 174 308 1591 714">
     <span class='ocr_line' id='line_1_2' title="bbox 181 308 1591 374; baseline -0.001 -17"><span class='ocrx_word' id='word_1_4' title='bbox 181 327 333 359; x_wconf 76' lang='lat' dir='ltr'>manee</span> <span class='ocrx_word' id='word_1_5' title='bbox 357 308 535 374; x_wconf 86' lang='lat' dir='ltr'>speciei</span> <span class='ocrx_word' id='word_1_6' title='bbox 562 314 764 372; x_wconf 68' lang='lat' dir='ltr'>eiusque</span> <span class='ocrx_word' id='word_1_7' title='bbox 790 311 1224 359; x_wconf 87' lang='lat' dir='ltr'>conservationem.</span> <span class='ocrx_word' id='word_1_8' title='bbox 1273 310 1342 359; x_wconf 88' lang='lat' dir='ltr'>Ut</span> <span class='ocrx_word' id='word_1_9' title='bbox 1367 319 1591 358; x_wconf 91' lang='lat' dir='ltr'>contrac-</span> 
     </span>
     <span class='ocr_line' id='line_1_3' title="bbox 177 378 1586 444; baseline -0.001 -18"><span class='ocrx_word' id='word_1_10' title='bbox 177 390 254 426; x_wconf 85' lang='lat' dir='ltr'>tus</span> <span class='ocrx_word' id='word_1_11' title='bbox 282 379 431 444; x_wconf 83' lang='lat' dir='ltr'>civilis</span> <span class='ocrx_word' id='word_1_12' title='bbox 454 395 539 425; x_wconf 89' lang='lat' dir='ltr'>seu</span> <span class='ocrx_word' id='word_1_13' title='bbox 565 378 811 442; x_wconf 87' lang='lat' dir='ltr'>politicus,</span> <span class='ocrx_word' id='word_1_14' title='bbox 846 379 1152 443; x_wconf 78' lang='lat' dir='ltr'>Reipublicae</span> <span class='ocrx_word' id='word_1_15' title='bbox 1176 381 1304 427; x_wconf 93' lang='lat' dir='ltr'>bono</span> <span class='ocrx_word' id='word_1_16' title='bbox 1329 394 1387 443; x_wconf 86' lang='lat' dir='ltr'>ac</span> <span class='ocrx_word' id='word_1_17' title='bbox 1412 393 1586 443; x_wconf 87' lang='lat' dir='ltr'>peren-</span> 
     </span>
     <span class='ocr_line' id='line_1_4' title="bbox 178 445 1588 511; baseline 0.001 -19"><span class='ocrx_word' id='word_1_18' title='bbox 178 447 315 494; x_wconf 86' lang='lat' dir='ltr'>nitati</span> <span class='ocrx_word' id='word_1_19' title='bbox 334 447 578 502; x_wconf 55' lang='lat' dir='ltr'>‘consulit3</span> <span class='ocrx_word' id='word_1_20' title='bbox 630 445 700 493; x_wconf 91' lang='lat' dir='ltr'>sic</span> <span class='ocrx_word' id='word_1_21' title='bbox 734 446 1068 494; x_wconf 88' lang='lat' dir='ltr'>consideratus</span> <span class='ocrx_word' id='word_1_22' title='bbox 1093 447 1343 510; x_wconf 87' lang='lat' dir='ltr'>perficitur</span> <span class='ocrx_word' id='word_1_23' title='bbox 1375 445 1588 511; x_wconf 85' lang='lat' dir='ltr'>politicis</span> 
     </span>
     <span class='ocr_line' id='line_1_5' title="bbox 178 513 1590 578; baseline -0.001 -17"><span class='ocrx_word' id='word_1_24' title='bbox 178 515 410 578; x_wconf 85' lang='lat' dir='ltr'><strong>Legibus.</strong></span> <span class='ocrx_word' id='word_1_25' title='bbox 483 515 551 563; x_wconf 91' lang='lat' dir='ltr'>Ut</span> <span class='ocrx_word' id='word_1_26' title='bbox 581 515 946 562; x_wconf 81' lang='lat' dir='ltr'>Sacramentum</span> <span class='ocrx_word' id='word_1_27' title='bbox 989 531 1126 562; x_wconf 84' lang='lat' dir='ltr'>novae</span> <span class='ocrx_word' id='word_1_28' title='bbox 1155 514 1332 578; x_wconf 86' lang='lat' dir='ltr'>Legis,</span> <span class='ocrx_word' id='word_1_29' title='bbox 1370 513 1590 578; x_wconf 77' lang='lat' dir='ltr'>conjugi-</span> 
     </span>
     <span class='ocr_line' id='line_1_6' title="bbox 175 581 1587 646; baseline 0.001 -17"><span class='ocrx_word' id='word_1_30' title='bbox 175 584 264 630; x_wconf 86' lang='lat' dir='ltr'>bus</span> <span class='ocrx_word' id='word_1_31' title='bbox 290 581 509 630; x_wconf 76' lang='lat' dir='ltr'>Gratiam</span> <span class='ocrx_word' id='word_1_32' title='bbox 553 582 797 639; x_wconf 90' lang='lat' dir='ltr'>conciliat,</span> <span class='ocrx_word' id='word_1_33' title='bbox 834 581 913 646; x_wconf 89' lang='lat' dir='ltr'>pia</span> <span class='ocrx_word' id='word_1_34' title='bbox 954 583 1091 645; x_wconf 86' lang='lat' dir='ltr'>prole</span> <span class='ocrx_word' id='word_1_35' title='bbox 1130 583 1404 632; x_wconf 86' lang='lat' dir='ltr'>Ecclesiam</span> <span class='ocrx_word' id='word_1_36' title='bbox 1446 583 1587 641; x_wconf 82' lang='lat' dir='ltr'>ditat,</span> 
     </span>
     <span class='ocr_line' id='line_1_7' title="bbox 174 650 1112 714; baseline 0.001 -17"><span class='ocrx_word' id='word_1_37' title='bbox 174 650 394 698; x_wconf 86' lang='lat' dir='ltr'>ardorem</span> <span class='ocrx_word' id='word_1_38' title='bbox 421 650 830 714; x_wconf 70' lang='lat' dir='ltr'>concupiscentiae</span> <span class='ocrx_word' id='word_1_39' title='bbox 856 661 1112 714; x_wconf 84' lang='lat' dir='ltr'><strong>temperat.</strong></span> 
     </span>
    </p>

    <p class='ocr_par' dir='ltr' id='par_1_3' title="bbox 163 718 1591 1788">
     <span class='ocr_line' id='line_1_8' title="bbox 242 718 1589 783; baseline 0.001 -17"><span class='ocrx_word' id='word_1_40' title='bbox 242 719 609 766; x_wconf 80' lang='lat' dir='ltr'>Matrimonium</span> <span class='ocrx_word' id='word_1_41' title='bbox 633 730 777 783; x_wconf 90' lang='lat' dir='ltr'>prout</span> <span class='ocrx_word' id='word_1_42' title='bbox 802 730 875 767; x_wconf 86' lang='lat' dir='ltr'>est</span> <span class='ocrx_word' id='word_1_43' title='bbox 901 728 1180 767; x_wconf 88' lang='lat' dir='ltr'>contractus</span> <span class='ocrx_word' id='word_1_44' title='bbox 1216 718 1466 773; x_wconf 86' lang='lat' dir='ltr'>naturalis,</span> <span class='ocrx_word' id='word_1_45' title='bbox 1503 729 1589 768; x_wconf 88' lang='lat' dir='ltr'>aut</span> 
     </span>
     <span class='ocr_line' id='line_1_9' title="bbox 174 786 1589 851; baseline 0.001 -17"><span class='ocrx_word' id='word_1_46' title='bbox 174 786 318 834; x_wconf 86' lang='lat' dir='ltr'>etiam</span> <span class='ocrx_word' id='word_1_47' title='bbox 340 787 491 834; x_wconf 89' lang='lat' dir='ltr'>civilis</span> <span class='ocrx_word' id='word_1_48' title='bbox 512 786 592 851; x_wconf 89' lang='lat' dir='ltr'>qui</span> <span class='ocrx_word' id='word_1_49' title='bbox 618 798 769 835; x_wconf 87' lang='lat' dir='ltr'>totam</span> <span class='ocrx_word' id='word_1_50' title='bbox 797 797 1076 834; x_wconf 87' lang='lat' dir='ltr'>contractus</span> <span class='ocrx_word' id='word_1_51' title='bbox 1101 786 1332 835; x_wconf 86' lang='lat' dir='ltr'>naturalis</span> <span class='ocrx_word' id='word_1_52' title='bbox 1350 787 1589 835; x_wconf 87' lang='lat' dir='ltr'>rationem</span> 
     </span>
     <span class='ocr_line' id='line_1_10' title="bbox 175 854 1591 919; baseline 0.002 -17"><span class='ocrx_word' id='word_1_53' title='bbox 175 855 426 903; x_wconf 86' lang='lat' dir='ltr'>continere</span> <span class='ocrx_word' id='word_1_54' title='bbox 452 855 616 912; x_wconf 87' lang='lat' dir='ltr'>debet,</span> <span class='ocrx_word' id='word_1_55' title='bbox 643 856 788 919; x_wconf 89' lang='lat' dir='ltr'>vulgo</span> <span class='ocrx_word' id='word_1_56' title='bbox 816 855 1043 909; x_wconf 81' lang='lat' dir='ltr'>definitur</span> <span class='ocrx_word' id='word_1_57' title='bbox 1069 854 1303 904; x_wconf 71' lang='lat' dir='ltr'>maritalis</span> <span class='ocrx_word' id='word_1_58' title='bbox 1326 856 1591 918; x_wconf 76' lang='lat' dir='ltr'>conjunctio</span> 
     </span>
     <span class='ocr_line' id='line_1_11' title="bbox 175 921 1585 989; baseline 0.001 -19"><span class='ocrx_word' id='word_1_59' title='bbox 175 924 267 971; x_wconf 74' lang='lat' dir='ltr'>viri</span> <span class='ocrx_word' id='word_1_60' title='bbox 296 931 341 971; x_wconf 79' lang='lat' dir='ltr'>et</span> <span class='ocrx_word' id='word_1_61' title='bbox 382 921 588 972; x_wconf 78' lang='lat' dir='ltr'>mulieris</span> <span class='ocrx_word' id='word_1_62' title='bbox 622 924 746 972; x_wconf 78' lang='lat' dir='ltr'>inter</span> <span class='ocrx_word' id='word_1_63' title='bbox 768 923 999 988; x_wconf 78' lang='lat' dir='ltr'>legitimas</span> <span class='ocrx_word' id='word_1_64' title='bbox 1029 939 1252 989; x_wconf 82' lang='lat' dir='ltr'>personas</span> <span class='ocrx_word' id='word_1_65' title='bbox 1293 923 1585 971; x_wconf 79' lang='lat' dir='ltr'>individuam</span> 
     </span>
     <span class='ocr_line' id='line_1_12' title="bbox 172 990 1587 1054; baseline 0 -16"><span class='ocrx_word' id='word_1_66' title='bbox 172 990 282 1038; x_wconf 68' lang='lat' dir='ltr'>vitae</span> <span class='ocrx_word' id='word_1_67' title='bbox 296 993 555 1039; x_wconf 77' lang='lat' dir='ltr'>societatem</span> <span class='ocrx_word' id='word_1_68' title='bbox 574 993 793 1040; x_wconf 75' lang='lat' dir='ltr'>retinens.</span> <span class='ocrx_word' id='word_1_69' title='bbox 830 991 1027 1039; x_wconf 81' lang='lat' dir='ltr'>Dicitur</span> <span class='ocrx_word' id='word_1_70' title='bbox 1057 996 1120 1039; x_wconf 86' lang='lat'>10·</span> <span class='ocrx_word' id='word_1_71' title='bbox 1144 991 1417 1054; x_wconf 77' lang='lat' dir='ltr'>conjunctio,</span> <span class='ocrx_word' id='word_1_72' title='bbox 1437 990 1488 1037; x_wconf 87' lang='lat' dir='ltr'>id</span> <span class='ocrx_word' id='word_1_73' title='bbox 1513 1000 1587 1038; x_wconf 85' lang='lat' dir='ltr'>est</span> 
     </span>
     <span class='ocr_line' id='line_1_13' title="bbox 171 1057 1588 1107; baseline 0.003 -4"><span class='ocrx_word' id='word_1_74' title='bbox 171 1057 417 1105; x_wconf 89' lang='lat' dir='ltr'>vinculum</span> <span class='ocrx_word' id='word_1_75' title='bbox 458 1070 678 1106; x_wconf 87' lang='lat' dir='ltr'>mutuum</span> <span class='ocrx_word' id='word_1_76' title='bbox 719 1076 747 1107; x_wconf 87' lang='lat' dir='ltr'>a</span> <span class='ocrx_word' id='word_1_77' title='bbox 772 1076 1010 1107; x_wconf 88' lang='lat' dir='ltr'>consensu</span> <span class='ocrx_word' id='word_1_78' title='bbox 1050 1059 1138 1106; x_wconf 91' lang='lat' dir='ltr'>viri</span> <span class='ocrx_word' id='word_1_79' title='bbox 1181 1070 1231 1107; x_wconf 92' lang='lat' dir='ltr'>et</span> <span class='ocrx_word' id='word_1_80' title='bbox 1262 1058 1475 1107; x_wconf 87' lang='lat' dir='ltr'>mulieris</span> <span class='ocrx_word' id='word_1_81' title='bbox 1510 1073 1588 1107; x_wconf 86' lang='lat' dir='ltr'>re·</span> 
     </span>
     <span class='ocr_line' id='line_1_14' title="bbox 169 1126 1589 1192; baseline 0.002 -20"><span class='ocrx_word' id='word_1_82' title='bbox 169 1126 370 1174; x_wconf 82' lang='lat' dir='ltr'>sultans.</span> <span class='ocrx_word' id='word_1_83' title='bbox 462 1127 659 1174; x_wconf 81' lang='lat' dir='ltr'>Dicitur</span> <span class='ocrx_word' id='word_1_84' title='bbox 708 1130 773 1174; x_wconf 72' lang='lat'>2⁰·</span> <span class='ocrx_word' id='word_1_85' title='bbox 809 1127 1042 1177; x_wconf 74' lang='lat' dir='ltr'>maratilz&#39;s</span> <span class='ocrx_word' id='word_1_86' title='bbox 1089 1138 1142 1176; x_wconf 91' lang='lat' dir='ltr'>ut</span> <span class='ocrx_word' id='word_1_87' title='bbox 1186 1127 1523 1192; x_wconf 81' lang='lat' dir='ltr'>distinguatur</span> <span class='ocrx_word' id='word_1_88' title='bbox 1558 1142 1589 1175; x_wconf 83' lang='lat' dir='ltr'>a</span> 
     </span>
     <span class='ocr_line' id='line_1_15' title="bbox 173 1193 1589 1260; baseline 0 -19"><span class='ocrx_word' id='word_1_89' title='bbox 173 1195 337 1255; x_wconf 87' lang='lat' dir='ltr'>quavis</span> <span class='ocrx_word' id='word_1_90' title='bbox 362 1193 455 1243; x_wconf 89' lang='lat' dir='ltr'>alia</span> <span class='ocrx_word' id='word_1_91' title='bbox 485 1194 672 1242; x_wconf 89' lang='lat' dir='ltr'>unionis</span> <span class='ocrx_word' id='word_1_92' title='bbox 708 1195 889 1259; x_wconf 90' lang='lat' dir='ltr'>specie,</span> <span class='ocrx_word' id='word_1_93' title='bbox 925 1213 970 1244; x_wconf 88' lang='lat' dir='ltr'>v.</span> <span class='ocrx_word' id='word_1_94' title='bbox 995 1213 1043 1260; x_wconf 88' lang='lat' dir='ltr'>g.</span> <span class='ocrx_word' id='word_1_95' title='bbox 1077 1196 1319 1244; x_wconf 80' lang='lat' dir='ltr'>fraternae.</span> <span class='ocrx_word' id='word_1_96' title='bbox 1389 1195 1589 1243; x_wconf 85' lang='lat' dir='ltr'>Dicitur</span> 
     </span>
     <span class='ocr_line' id='line_1_16' title="bbox 174 1262 1588 1328; baseline -0.004 -20"><span class='ocrx_word' id='word_1_97' title='bbox 174 1266 240 1308; x_wconf 76' lang='lat'>30·</span> <span class='ocrx_word' id='word_1_98' title='bbox 275 1262 361 1308; x_wconf 87' lang='lat' dir='ltr'>viri</span> <span class='ocrx_word' id='word_1_99' title='bbox 388 1273 437 1310; x_wconf 91' lang='lat' dir='ltr'>et</span> <span class='ocrx_word' id='word_1_100' title='bbox 462 1262 690 1321; x_wconf 87' lang='lat' dir='ltr'>mulieris,</span> <span class='ocrx_word' id='word_1_101' title='bbox 726 1266 791 1311; x_wconf 79' lang='lat' dir='ltr'>ut&#39;</span> <span class='ocrx_word' id='word_1_102' title='bbox 823 1263 1106 1328; x_wconf 84' lang='lat' dir='ltr'>designetur</span> <span class='ocrx_word' id='word_1_103' title='bbox 1130 1264 1434 1317; x_wconf 76' lang='lat' dir='ltr'>Matrimonii</span> <span class='ocrx_word' id='word_1_104' title='bbox 1474 1264 1588 1311; x_wconf 86' lang='lat' dir='ltr'>sub-</span> 
     </span>
     <span class='ocr_line' id='line_1_17' title="bbox 163 1331 1588 1396; baseline 0.001 -19"><span class='ocrx_word' id='word_1_105' title='bbox 163 1333 352 1391; x_wconf 82' lang='lat' dir='ltr'>jectum</span> <span class='ocrx_word' id='word_1_106' title='bbox 395 1339 446 1377; x_wconf 90' lang='lat' dir='ltr'>et</span> <span class='ocrx_word' id='word_1_107' title='bbox 470 1331 666 1395; x_wconf 87' lang='lat' dir='ltr'>quidem</span> <span class='ocrx_word' id='word_1_108' title='bbox 690 1348 893 1379; x_wconf 90' lang='lat' dir='ltr'>numero</span> <span class='ocrx_word' id='word_1_109' title='bbox 929 1332 1177 1396; x_wconf 84' lang='lat' dir='ltr'>singulari,</span> <span class='ocrx_word' id='word_1_110' title='bbox 1213 1342 1267 1380; x_wconf 88' lang='lat' dir='ltr'>ut</span> <span class='ocrx_word' id='word_1_111' title='bbox 1292 1332 1588 1380; x_wconf 79' lang='lat' dir='ltr'>excludatur</span> 
     </span>
     <span class='ocr_line' id='line_1_18' title="bbox 169 1398 1586 1465; baseline 0.002 -21"><span class='ocrx_word' id='word_1_112' title='bbox 169 1398 461 1462; x_wconf 81' lang='lat' dir='ltr'>polygamia.</span> <span class='ocrx_word' id='word_1_113' title='bbox 530 1403 594 1446; x_wconf 79' lang='lat'>4⁰·</span> <span class='ocrx_word' id='word_1_114' title='bbox 631 1399 827 1448; x_wconf 87' lang='lat' dir='ltr'>Dicitur</span> <span class='ocrx_word' id='word_1_115' title='bbox 845 1401 968 1448; x_wconf 78' lang='lat' dir='ltr'>inter</span> <span class='ocrx_word' id='word_1_116' title='bbox 989 1416 1220 1463; x_wconf 77' lang='lat' dir='ltr'>personas</span> <span class='ocrx_word' id='word_1_117' title='bbox 1252 1400 1499 1465; x_wconf 82' lang='lat' dir='ltr'>legitimas,</span> <span class='ocrx_word' id='word_1_118' title='bbox 1534 1399 1586 1447; x_wconf 86' lang='lat' dir='ltr'>id</span> 
     </span>
     <span class='ocr_line' id='line_1_19' title="bbox 170 1467 1588 1531; baseline 0.001 -18"><span class='ocrx_word' id='word_1_119' title='bbox 170 1475 243 1513; x_wconf 89' lang='lat' dir='ltr'>est</span> <span class='ocrx_word' id='word_1_120' title='bbox 264 1483 372 1529; x_wconf 87' lang='lat' dir='ltr'>quae</span> <span class='ocrx_word' id='word_1_121' title='bbox 390 1467 659 1514; x_wconf 88' lang='lat' dir='ltr'>secundum</span> <span class='ocrx_word' id='word_1_122' title='bbox 685 1468 849 1531; x_wconf 85' lang='lat' dir='ltr'>Leges</span> <span class='ocrx_word' id='word_1_123' title='bbox 871 1468 1063 1516; x_wconf 82' lang='lat' dir='ltr'>idoneae</span> <span class='ocrx_word' id='word_1_124' title='bbox 1086 1468 1182 1519; x_wconf 89' lang='lat' dir='ltr'>sint</span> <span class='ocrx_word' id='word_1_125' title='bbox 1206 1468 1269 1516; x_wconf 89' lang='lat' dir='ltr'>ad</span> <span class='ocrx_word' id='word_1_126' title='bbox 1294 1467 1588 1516; x_wconf 88' lang='lat' dir='ltr'>contrahen-</span> 
     </span>
     <span class='ocr_line' id='line_1_20' title="bbox 168 1530 1587 1601; baseline 0.001 -21"><span class='ocrx_word' id='word_1_127' title='bbox 168 1534 301 1591; x_wconf 90' lang='lat' dir='ltr'>dum,</span> <span class='ocrx_word' id='word_1_128' title='bbox 362 1551 455 1582; x_wconf 92' lang='lat' dir='ltr'>nec</span> <span class='ocrx_word' id='word_1_129' title='bbox 520 1530 619 1583; x_wconf 83' lang='lat' dir='ltr'>ullo</span> <span class='ocrx_word' id='word_1_130' title='bbox 678 1535 934 1584; x_wconf 65' lang='lat' dir='ltr'>dirimente</span> <span class='ocrx_word' id='word_1_131' title='bbox 999 1536 1349 1601; x_wconf 89' lang='lat' dir='ltr'>impedimento</span> <span class='ocrx_word' id='word_1_132' title='bbox 1404 1535 1587 1599; x_wconf 88' lang='lat' dir='ltr'>ligatae.</span> 
     </span>
     <span class='ocr_line' id='line_1_21' title="bbox 168 1601 1586 1657; baseline 0.001 -8"><span class='ocrx_word' id='word_1_133' title='bbox 168 1601 368 1650; x_wconf 90' lang='lat' dir='ltr'>Dicitur</span> <span class='ocrx_word' id='word_1_134' title='bbox 394 1606 474 1651; x_wconf 89' lang='lat'>50.</span> <span class='ocrx_word' id='word_1_135' title='bbox 509 1603 713 1652; x_wconf 80' lang='lat' dir='ltr'>retinens</span> <span class='ocrx_word' id='word_1_136' title='bbox 750 1604 856 1653; x_wconf 81' lang='lat' dir='ltr'>vitae</span> <span class='ocrx_word' id='word_1_137' title='bbox 891 1604 1149 1657; x_wconf 79' lang='lat' dir='ltr'>societatem</span> <span class='ocrx_word' id='word_1_138' title='bbox 1194 1603 1498 1653; x_wconf 76' lang='lat' dir='ltr'>individuam.</span> <span class='ocrx_word' id='word_1_139' title='bbox 1532 1603 1586 1651; x_wconf 88' lang='lat' dir='ltr'>id</span> 
     </span>
     <span class='ocr_line' id='line_1_22' title="bbox 168 1671 1588 1738; baseline 0.002 -21"><span class='ocrx_word' id='word_1_140' title='bbox 168 1682 258 1728; x_wconf 88' lang='lat' dir='ltr'>est,</span> <span class='ocrx_word' id='word_1_141' title='bbox 295 1681 581 1735; x_wconf 88' lang='lat' dir='ltr'>perpetuam</span> <span class='ocrx_word' id='word_1_142' title='bbox 619 1688 728 1735; x_wconf 87' lang='lat' dir='ltr'>quae</span> <span class='ocrx_word' id='word_1_143' title='bbox 765 1688 861 1719; x_wconf 90' lang='lat' dir='ltr'>non</span> <span class='ocrx_word' id='word_1_144' title='bbox 903 1671 1058 1735; x_wconf 88' lang='lat' dir='ltr'>possit</span> <span class='ocrx_word' id='word_1_145' title='bbox 1091 1671 1303 1738; x_wconf 87' lang='lat' dir='ltr'>partium</span> <span class='ocrx_word' id='word_1_146' title='bbox 1342 1685 1588 1735; x_wconf 7' lang='lat' dir='ltr'>consensu?</span> 
     </span>
     <span class='ocr_line' id='line_1_23' title="bbox 170 1738 941 1788; baseline 0.003 -2"><span class='ocrx_word' id='word_1_147' title='bbox 170 1738 365 1786; x_wconf 86' lang='lat' dir='ltr'>dissolvi</span> <span class='ocrx_word' id='word_1_148' title='bbox 389 1738 514 1787; x_wconf 88' lang='lat' dir='ltr'>sicut</span> <span class='ocrx_word' id='word_1_149' title='bbox 538 1738 617 1786; x_wconf 89' lang='lat' dir='ltr'>alii</span> <span class='ocrx_word' id='word_1_150' title='bbox 643 1749 941 1788; x_wconf 86' lang='lat' dir='ltr'>contractus.</span> 
     </span>
    </p>

    <p class='ocr_par' dir='ltr' id='par_1_4' title="bbox 164 1806 1613 2128">
     <span class='ocr_line' id='line_1_24' title="bbox 239 1806 1588 1872; baseline 0 -18"><span class='ocrx_word' id='word_1_151' title='bbox 239 1806 627 1864; x_wconf 62' lang='lat' dir='ltr'>Matrimonium,</span> <span class='ocrx_word' id='word_1_152' title='bbox 660 1818 806 1872; x_wconf 87' lang='lat' dir='ltr'>prout</span> <span class='ocrx_word' id='word_1_153' title='bbox 847 1818 922 1857; x_wconf 89' lang='lat' dir='ltr'>est</span> <span class='ocrx_word' id='word_1_154' title='bbox 971 1808 1359 1868; x_wconf 86' lang='lat' dir='ltr'>Sacramentum,</span> <span class='ocrx_word' id='word_1_155' title='bbox 1397 1806 1588 1856; x_wconf 88' lang='lat' dir='ltr'>definiri</span> 
     </span>
     <span class='ocr_line' id='line_1_25' title="bbox 164 1874 1588 1941; baseline 0.001 -19"><span class='ocrx_word' id='word_1_156' title='bbox 164 1885 328 1939; x_wconf 88' lang='lat' dir='ltr'>potest</span> <span class='ocrx_word' id='word_1_157' title='bbox 349 1876 714 1924; x_wconf 85' lang='lat' dir='ltr'>Sacramentum</span> <span class='ocrx_word' id='word_1_158' title='bbox 736 1893 867 1924; x_wconf 87' lang='lat' dir='ltr'>novae</span> <span class='ocrx_word' id='word_1_159' title='bbox 893 1876 1060 1941; x_wconf 88' lang='lat' dir='ltr'>Legis,</span> <span class='ocrx_word' id='word_1_160' title='bbox 1088 1876 1307 1925; x_wconf 89' lang='lat' dir='ltr'>Gratiam</span> <span class='ocrx_word' id='word_1_161' title='bbox 1329 1874 1588 1924; x_wconf 83' lang='lat' dir='ltr'>cenferens</span> 
     </span>
     <span class='ocr_line' id='line_1_26' title="bbox 165 1943 1587 2008; baseline 0.001 -18"><span class='ocrx_word' id='word_1_162' title='bbox 165 1943 229 1990; x_wconf 89' lang='lat' dir='ltr'>ad</span> <span class='ocrx_word' id='word_1_163' title='bbox 253 1944 651 1991; x_wconf 87' lang='lat' dir='ltr'>sanctificandam</span> <span class='ocrx_word' id='word_1_164' title='bbox 677 1944 942 2008; x_wconf 87' lang='lat' dir='ltr'>legitimam</span> <span class='ocrx_word' id='word_1_165' title='bbox 987 1944 1076 1992; x_wconf 91' lang='lat' dir='ltr'>viri</span> <span class='ocrx_word' id='word_1_166' title='bbox 1113 1954 1162 1992; x_wconf 88' lang='lat' dir='ltr'>et</span> <span class='ocrx_word' id='word_1_167' title='bbox 1186 1944 1352 1991; x_wconf 88' lang='lat' dir='ltr'>uxoris</span> <span class='ocrx_word' id='word_1_168' title='bbox 1379 1943 1587 1992; x_wconf 87' lang='lat' dir='ltr'>societa-</span> 
     </span>
     <span class='ocr_line' id='line_1_27' title="bbox 165 2012 1586 2076; baseline 0.002 -18"><span class='ocrx_word' id='word_1_169' title='bbox 165 2020 282 2068; x_wconf 92' lang='lat' dir='ltr'>tem,</span> <span class='ocrx_word' id='word_1_170' title='bbox 319 2021 369 2059; x_wconf 87' lang='lat' dir='ltr'>et</span> <span class='ocrx_word' id='word_1_171' title='bbox 420 2012 605 2074; x_wconf 87' lang='lat' dir='ltr'>prolem</span> <span class='ocrx_word' id='word_1_172' title='bbox 656 2012 736 2076; x_wconf 90' lang='lat' dir='ltr'>pie</span> <span class='ocrx_word' id='word_1_173' title='bbox 778 2021 829 2060; x_wconf 86' lang='lat' dir='ltr'>et</span> <span class='ocrx_word' id='word_1_174' title='bbox 863 2022 1032 2061; x_wconf 88' lang='lat' dir='ltr'>sancte</span> <span class='ocrx_word' id='word_1_175' title='bbox 1066 2012 1117 2060; x_wconf 92' lang='lat' dir='ltr'>in</span> <span class='ocrx_word' id='word_1_176' title='bbox 1158 2012 1279 2062; x_wconf 90' lang='lat' dir='ltr'>Fide</span> <span class='ocrx_word' id='word_1_177' title='bbox 1322 2012 1586 2061; x_wconf 79' lang='lat' dir='ltr'>christiana</span> 
     </span>
     <span class='ocr_line' id='line_1_28' title="bbox 166 2078 1040 2128; baseline -0.002 -2"><span class='ocrx_word' id='word_1_178' title='bbox 166 2078 487 2126; x_wconf 88' lang='lat' dir='ltr'>educandam.</span> <span class='ocrx_word' id='word_1_179' title='bbox 1038 2126 1040 2128; x_wconf 68' lang='grc'>,</span> 
     </span>
    </p>

    <p class='ocr_par' dir='ltr' id='par_1_5' title="bbox 158 2146 1603 3031">
     <span class='ocr_line' id='line_1_29' title="bbox 233 2146 1588 2213; baseline 0.002 -20"><span class='ocrx_word' id='word_1_180' title='bbox 233 2146 599 2195; x_wconf 86' lang='lat' dir='ltr'>Matrimonium</span> <span class='ocrx_word' id='word_1_181' title='bbox 635 2146 817 2213; x_wconf 86' lang='lat' dir='ltr'>triplex</span> <span class='ocrx_word' id='word_1_182' title='bbox 863 2147 1191 2213; x_wconf 88' lang='lat' dir='ltr'>distinguitur.</span> <span class='ocrx_word' id='word_1_183' title='bbox 1263 2147 1417 2197; x_wconf 86' lang='lat' dir='ltr'>Aliud</span> <span class='ocrx_word' id='word_1_184' title='bbox 1463 2146 1588 2213; x_wconf 86' lang='lat' dir='ltr'>legi·</span> 
     </span>
     <span class='ocr_line' id='line_1_30' title="bbox 166 2213 1585 2282; baseline 0.002 -20"><span class='ocrx_word' id='word_1_185' title='bbox 166 2213 354 2271; x_wconf 89' lang='lat' dir='ltr'>timum,</span> <span class='ocrx_word' id='word_1_186' title='bbox 398 2215 530 2279; x_wconf 88' lang='lat' dir='ltr'>quod</span> <span class='ocrx_word' id='word_1_187' title='bbox 576 2216 699 2265; x_wconf 86' lang='lat' dir='ltr'>Jure</span> <span class='ocrx_word' id='word_1_188' title='bbox 747 2216 999 2265; x_wconf 80' lang='lat' dir='ltr'>Gentium</span> <span class='ocrx_word' id='word_1_189' title='bbox 1031 2227 1082 2265; x_wconf 88' lang='lat' dir='ltr'>et</span> <span class='ocrx_word' id='word_1_190' title='bbox 1128 2217 1322 2282; x_wconf 88' lang='lat' dir='ltr'>Legum</span> <span class='ocrx_word' id='word_1_191' title='bbox 1370 2216 1585 2266; x_wconf 88' lang='lat' dir='ltr'>civilium</span> 
     </span>
     <span class='ocr_line' id='line_1_31' title="bbox 162 2282 1584 2350; baseline 0.002 -20"><span class='ocrx_word' id='word_1_192' title='bbox 162 2282 394 2331; x_wconf 89' lang='lat' dir='ltr'>Decretis</span> <span class='ocrx_word' id='word_1_193' title='bbox 435 2282 665 2331; x_wconf 83' lang='lat' dir='ltr'>firmatur.</span> <span class='ocrx_word' id='word_1_194' title='bbox 736 2284 888 2333; x_wconf 90' lang='lat' dir='ltr'>Aliud</span> <span class='ocrx_word' id='word_1_195' title='bbox 926 2294 1102 2343; x_wconf 89' lang='lat' dir='ltr'>ratum,</span> <span class='ocrx_word' id='word_1_196' title='bbox 1142 2286 1274 2350; x_wconf 90' lang='lat' dir='ltr'>quod</span> <span class='ocrx_word' id='word_1_197' title='bbox 1311 2285 1584 2334; x_wconf 87' lang='lat' dir='ltr'>secundum</span> 
     </span>
     <span class='ocr_line' id='line_1_32' title="bbox 167 2350 1580 2418; baseline -0.001 -18"><span class='ocrx_word' id='word_1_198' title='bbox 167 2350 406 2400; x_wconf 83' lang='lat' dir='ltr'>Ecclesiae</span> <span class='ocrx_word' id='word_1_199' title='bbox 458 2352 679 2401; x_wconf 87' lang='lat' dir='ltr'>Decreta</span> <span class='ocrx_word' id='word_1_200' title='bbox 742 2352 870 2401; x_wconf 88' lang='lat' dir='ltr'>inter</span> <span class='ocrx_word' id='word_1_201' title='bbox 926 2354 1199 2418; x_wconf 85' lang='lat' dir='ltr'>baptizatos</span> <span class='ocrx_word' id='word_1_202' title='bbox 1259 2353 1580 2410; x_wconf 88' lang='lat' dir='ltr'>contrahitur,</span> 
     </span>
     <span class='ocr_line' id='line_1_33' title="bbox 166 2419 1584 2485; baseline 0.001 -19"><span class='ocrx_word' id='word_1_203' title='bbox 166 2419 296 2467; x_wconf 88' lang='lat' dir='ltr'>unde</span> <span class='ocrx_word' id='word_1_204' title='bbox 354 2425 582 2482; x_wconf 86' lang='lat' dir='ltr'>majorem</span> <span class='ocrx_word' id='word_1_205' title='bbox 640 2420 849 2485; x_wconf 86' lang='lat' dir='ltr'>acquirit</span> <span class='ocrx_word' id='word_1_206' title='bbox 906 2422 1200 2483; x_wconf 86' lang='lat' dir='ltr'>firmitatem.</span> <span class='ocrx_word' id='word_1_207' title='bbox 1270 2421 1424 2471; x_wconf 89' lang='lat' dir='ltr'>Aliud</span> <span class='ocrx_word' id='word_1_208' title='bbox 1466 2437 1584 2470; x_wconf 89' lang='lat' dir='ltr'>con-</span> 
     </span>
     <span class='ocr_line' id='line_1_34' title="bbox 169 2489 1587 2555; baseline 0.003 -21"><span class='ocrx_word' id='word_1_209' title='bbox 169 2498 477 2547; x_wconf 78' lang='lat' dir='ltr'>summatum,</span> <span class='ocrx_word' id='word_1_210' title='bbox 527 2489 659 2552; x_wconf 90' lang='lat' dir='ltr'>quod</span> <span class='ocrx_word' id='word_1_211' title='bbox 716 2505 804 2553; x_wconf 90' lang='lat' dir='ltr'>per</span> <span class='ocrx_word' id='word_1_212' title='bbox 855 2506 995 2538; x_wconf 89' lang='lat' dir='ltr'>usum</span> <span class='ocrx_word' id='word_1_213' title='bbox 1042 2491 1287 2555; x_wconf 85' lang='lat' dir='ltr'>impletur,</span> <span class='ocrx_word' id='word_1_214' title='bbox 1335 2489 1587 2555; x_wconf 90' lang='lat' dir='ltr'>quodque,</span> 
     </span>
     <span class='ocr_line' id='line_1_35' title="bbox 164 2554 1581 2624; baseline 0.004 -25"><span class='ocrx_word' id='word_1_215' title='bbox 164 2554 204 2600; x_wconf 90' lang='lat' dir='ltr'>si</span> <span class='ocrx_word' id='word_1_216' title='bbox 254 2568 283 2602; x_wconf 86' lang='lat' dir='ltr'>a</span> <span class='ocrx_word' id='word_1_217' title='bbox 315 2555 572 2619; x_wconf 87' lang='lat' dir='ltr'>baptizatis</span> <span class='ocrx_word' id='word_1_218' title='bbox 600 2567 913 2615; x_wconf 15' lang='lat' dir='ltr'>*contractum</span> <span class='ocrx_word' id='word_1_219' title='bbox 948 2558 1027 2618; x_wconf 88' lang='lat' dir='ltr'>sit,</span> <span class='ocrx_word' id='word_1_220' title='bbox 1076 2573 1323 2624; x_wconf 85' lang='lat' dir='ltr'>nunquam</span> <span class='ocrx_word' id='word_1_221' title='bbox 1384 2558 1581 2607; x_wconf 83' lang='lat' dir='ltr'>dissolvi</span> 
     </span>
     <span class='ocr_line' id='line_1_36' title="bbox 165 2630 346 2685; baseline 0.006 -16"><span class='ocrx_word' id='word_1_222' title='bbox 165 2630 346 2685; x_wconf 88' lang='lat' dir='ltr'>potest.</span> 
     </span>
     <span class='ocr_line' id='line_1_37' title="bbox 158 2689 1579 2758; baseline 0.001 -20"><span class='ocrx_word' id='word_1_223' title='bbox 158 2708 165 2716; x_wconf 75' lang='lat'><strong><em>¹</em></strong></span> <span class='ocrx_word' id='word_1_224' title='bbox 233 2689 461 2740; x_wconf 78' lang='lat' dir='ltr'>Julianus·</span> <span class='ocrx_word' id='word_1_225' title='bbox 503 2691 810 2758; x_wconf 78' lang='lat' dir='ltr'>PelagianuS‚</span> <span class='ocrx_word' id='word_1_226' title='bbox 846 2693 974 2743; x_wconf 86' lang='lat' dir='ltr'>teste</span> <span class='ocrx_word' id='word_1_227' title='bbox 1024 2693 1073 2743; x_wconf 90' lang='lat' dir='ltr'>S.</span> <span class='ocrx_word' id='word_1_228' title='bbox 1099 2693 1378 2758; x_wconf 85' lang='lat' dir='ltr'>Augustino</span> <span class='ocrx_word' id='word_1_229' title='bbox 1418 2693 1504 2742; x_wconf 90' lang='lat' dir='ltr'>lib.</span> <span class='ocrx_word' id='word_1_230' title='bbox 1531 2697 1579 2742; x_wconf 88' lang='lat'>5.</span> 
     </span>
     <span class='ocr_line' id='line_1_38' title="bbox 167 2759 1580 2827; baseline 0.001 -22"><span class='ocrx_word' id='word_1_231' title='bbox 167 2767 356 2806; x_wconf 52' lang='lat' dir='ltr'>‘contra‘</span> <span class='ocrx_word' id='word_1_232' title='bbox 385 2759 611 2808; x_wconf 88' lang='lat' dir='ltr'>eumdem</span> <span class='ocrx_word' id='word_1_233' title='bbox 646 2763 922 2820; x_wconf 60' lang='lat' dir='ltr'>sulianum,</span> <span class='ocrx_word' id='word_1_234' title='bbox 977 2778 1086 2827; x_wconf 88' lang='lat' dir='ltr'>cap.</span> <span class='ocrx_word' id='word_1_235' title='bbox 1129 2765 1207 2811; x_wconf 87' lang='grc'>16.</span> <span class='ocrx_word' id='word_1_236' title='bbox 1277 2762 1580 2811; x_wconf 83' lang='lat' dir='ltr'>Matrimonii</span> 
     </span>
     <span class='ocr_line' id='line_1_39' title="bbox 166 2826 1579 2895; baseline 0.002 -22"><span class='ocrx_word' id='word_1_237' title='bbox 166 2827 423 2875; x_wconf 87' lang='lat' dir='ltr'>essentiam</span> <span class='ocrx_word' id='word_1_238' title='bbox 447 2826 496 2874; x_wconf 90' lang='lat' dir='ltr'>in</span> <span class='ocrx_word' id='word_1_239' title='bbox 530 2827 635 2892; x_wconf 87' lang='lat' dir='ltr'>ipso</span> <span class='ocrx_word' id='word_1_240' title='bbox 671 2847 762 2879; x_wconf 91' lang='lat' dir='ltr'>usu</span> <span class='ocrx_word' id='word_1_241' title='bbox 797 2831 1032 2895; x_wconf 89' lang='lat' dir='ltr'>reposuit,</span> <span class='ocrx_word' id='word_1_242' title='bbox 1068 2840 1201 2878; x_wconf 87' lang='lat' dir='ltr'>ratus</span> <span class='ocrx_word' id='word_1_243' title='bbox 1237 2831 1422 2879; x_wconf 89' lang='lat' dir='ltr'>nullum</span> <span class='ocrx_word' id='word_1_244' title='bbox 1471 2841 1579 2877; x_wconf 85' lang='lat' dir='ltr'>esse</span> 
     </span>
     <span class='ocr_line' id='line_1_40' title="bbox 163 2893 1578 2962; baseline 0.001 -21"><span class='ocrx_word' id='word_1_245' title='bbox 163 2893 267 2942; x_wconf 89' lang='lat' dir='ltr'>sine</span> <span class='ocrx_word' id='word_1_246' title='bbox 291 2894 396 2958; x_wconf 86' lang='lat' dir='ltr'>ipso</span> <span class='ocrx_word' id='word_1_247' title='bbox 421 2896 715 2960; x_wconf 86' lang='lat' dir='ltr'>conjugium.</span> <span class='ocrx_word' id='word_1_248' title='bbox 787 2899 865 2947; x_wconf 86' lang='lat' dir='ltr'>Ita</span> <span class='ocrx_word' id='word_1_249' title='bbox 889 2899 1034 2947; x_wconf 87' lang='lat' dir='ltr'>etiam</span> <span class='ocrx_word' id='word_1_250' title='bbox 1071 2898 1309 2953; x_wconf 87' lang='lat' dir='ltr'>Viclefus,</span> <span class='ocrx_word' id='word_1_251' title='bbox 1345 2898 1405 2946; x_wconf 87' lang='lat' dir='ltr'>ad</span> <span class='ocrx_word' id='word_1_252' title='bbox 1432 2913 1578 2962; x_wconf 88' lang='lat' dir='ltr'>quem</span> 
     </span>
     <span class='ocr_line' id='line_1_41' title="bbox 163 2962 1603 3031; baseline 0.002 -22"><span class='ocrx_word' id='word_1_253' title='bbox 163 2962 403 3012; x_wconf 86' lang='lat' dir='ltr'>accedere</span> <span class='ocrx_word' id='word_1_254' title='bbox 461 2962 653 3015; x_wconf 84' lang='lat' dir='ltr'>videtur</span> <span class='ocrx_word' id='word_1_255' title='bbox 706 2965 982 3016; x_wconf 86' lang='lat' dir='ltr'>Gratianus</span> <span class='ocrx_word' id='word_1_256' title='bbox 1030 2968 1111 3018; x_wconf 77' lang='lat'>27.</span> <span class='ocrx_word' id='word_1_257' title='bbox 1165 2977 1335 3031; x_wconf 86' lang='lat' dir='ltr'>quaest.</span> <span class='ocrx_word' id='word_1_258' title='bbox 1377 2967 1425 3012; x_wconf 72' lang='lat'>2.</span> <span class='ocrx_word' id='word_1_259' title='bbox 1468 2980 1603 3028; x_wconf 88' lang='lat' dir='ltr'>cap.·</span> 
     </span>
    </p>
   </div>
   <div class='ocr_carea' id='block_1_3' title="bbox 170 3030 1633 3149">
    <p class='ocr_par' dir='ltr' id='par_1_6' title="bbox 170 3030 1633 3149">
     <span class='ocr_line' id='line_1_42' title="bbox 170 3030 1633 3147; baseline -0.001 -68"><span class='ocrx_word' id='word_1_260' title='bbox 170 3030 308 3085; x_wconf 76' lang='lat' dir='ltr'>Quod</span> <span class='ocrx_word' id='word_1_261' title='bbox 336 3039 502 3080; x_wconf 79' lang='lat' dir='ltr'>autem.</span> <span class='ocrx_word' id='word_1_262' title='bbox 1504 3100 1549 3147; x_wconf 78' lang='lat' dir='ltr'>A</span> <span class='ocrx_word' id='word_1_263' title='bbox 1631 3060 1633 3063; x_wconf 41' lang='lat'><em>⁴</em></span> 
     </span>
     <span class='ocr_line' id='line_1_43' title="bbox 1555 3110 1574 3149; baseline 0 0"><span class='ocrx_word' id='word_1_264' title='bbox 1555 3110 1574 3149; x_wconf 81' lang='lat' dir='ltr'>t</span> 
     </span>
    </p>
   </div>
  </div>
 </body>
</html>
