1852 3250
655 181 751 229 DE
791 168 1084 229 ORDINE.
1527 182 1583 228 21

173 323 271 369 lum
297 316 589 383 imprimens,
626 318 709 381 qui
734 319 795 365 sit
818 333 847 364 a
872 316 1156 364 ciiaractere
1181 315 1474 365 sacerdotali
1497 316 1592 365 dis-

173 390 368 437 tinctus.
440 385 748 435 Confitentur
780 396 943 433 tamen
970 384 1291 433 Ordinatione
1325 386 1593 449 episcopali

175 457 460 520 dignitatem
514 471 572 502 ac
618 464 910 518 potestatem
969 454 1303 518 praesbyterali
1364 459 1593 517 maiorem

175 523 401 578 conferri,
440 522 584 587 idque
611 539 674 570 ex
708 521 1010 571 institutione
1036 522 1232 570 Christi.

241 592 389 641 Prob.
417 595 490 638 10·
526 591 639 655 quia
662 591 890 654 pleraque
917 606 980 638 ex
1003 590 1059 638 iis
1079 590 1395 654 argumentis,
1423 591 1592 653 quibus

176 671 320 708 antea
352 660 784 713 demonstravimus
811 658 1052 706 Ordinem·
1075 674 1179 707 esse
1208 659 1594 718 Sacramentum,

175 729 236 776 ad
263 727 632 776 Ordinationem
652 727 974 792 episcopalem
1000 737 1242 792 spectant.

244 800 324 844 20.
361 796 747 854 Sacramentum,
784 813 848 844 ex
873 795 1021 843 totiesx
1053 795 1212 854 dictis,
1254 795 1373 853 ritus
1409 807 1483 844 est
1508 813 1596 844 ex-

179 866 344 921 terior,
382 863 565 913 Gratiae
603 863 914 913 conferendae
953 863 1047 910 vim
1087 865 1289 922 habens,
1326 880 1355 911 a
1399 864 1594 913 Christo

175 933 422 981 institutus
465 944 838 997 permanenter:
882 932 1016 996 atqui
1056 933 1163 980 talis
1212 943 1287 981 est
1335 933 1593 981 Ordinatio

173 1001 477 1066 episcopalis.
552 1004 627 1049 10.
666 1001 726 1049 In·
748 1000 1069 1049 ordinatione
1085 1000 1350 1065 episcopali
1375 1001 1495 1049 ritus
1520 1014 1595 1050 est

177 1070 407 1127 exterior,
429 1086 604 1134 nempe
632 1086 856 1124 manuum
870 1069 1116 1133 impositio
1142 1071 1173 1116 2
1193 1070 1407 1118 Timoth.
1448 1073 1467 1116 l
1494 1072 1594 1120 Ad-

174 1155 334 1188 moneo
357 1145 401 1185 te
425 1147 479 1186 ut
502 1139 740 1187 resuscites
765 1139 978 1187 Gratiam
1004 1140 1119 1192 Dei,
1156 1154 1260 1206 quae
1283 1146 1350 1187 est
1373 1139 1422 1186 iri
1447 1146 1492 1188 te
1511 1156 1596 1205 per

176 1206 505 1271 impositionem
542 1224 757 1256 manuum
798 1223 1018 1255 mearum.
1096 1209 1176 1255 20.
1217 1207 1358 1255 Ritus
1393 1207 1475 1255 iile
1498 1209 1595 1255 vim

177 1276 326 1322 habet
369 1274 680 1322 conferendae
721 1274 922 1329 Gratiae,
958 1285 1012 1321 ut
1054 1276 1308 1324 manifeste
1349 1286 1487 1339 patet
1528 1293 1594 1325 ex

179 1344 351 1390 eodem
379 1354 536 1389 textu.
608 1347 683 1389 30·
712 1343 818 1389 Fuit
845 1359 875 1389 a
901 1343 1095 1390 Christo
1131 1344 1379 1392 institutus
1404 1361 1593 1407 perma-

178 1422 365 1465 nenter,
405 1427 514 1457 cum
556 1410 608 1455 in*
650 1410 875 1458 Ecclesia
913 1422 1191 1459 constanter
1237 1412 1466 1476 Episcopi
1504 1429 1594 1478 per

171 1477 531 1541 >impositionem
568 1495 793 1525 manuum
822 1478 1031 1525 ordinati
1063 1479 1263 1534 fuerint,
1324 1490 1377 1527 ut
1403 1492 1594 1530 constat

180 1546 398 1594 Historia
422 1545 631 1592 omnium
657 1548 962 1602 saeculorum,
987 1557 1139 1611 utque
1157 1539 1282 1596 infra
1305 1547 1593 1609 videbimus,

178 1613 258 1662 ubi
287 1616 348 1662 de
376 1614 576 1661 materia
604 1614 900 1661 Sacramenti
929 1615 1142 1662 Ordinis.

194 1694 197 1697 ’
248 1687 324 1730 30·
363 1681 708 1746 Episcopatum
740 1683 1105 1730 Sacramentum
1141 1685 1458 1749 appellarunt
1474 1687 1595 1735 Ter-

177 1752 264 1799 t'ul.
339 1750 447 1798 Lib.
472 1750 534 1798 de
561 1751 831 1814 Praescript.
856 1767 964 1814 cap.
990 1756 1070 1799 40.
1111 1753 1330 1801 Africani
1357 1754 1597 1803 Praesules

178 1820 226 1865 in
255 1819 409 1884 Epist.
452 1819 515 1866 ad
560 1819 900 1866 Marcellinum
942 1835 1050 1881 cap.
1079 1823 1124 1868 52.
1150 1838 1281 1869 num.
1308 1824 1388 1869 68.
1417 1823 1465 1870 Sa
1486 1823 1595 1871 Leo

179 1888 336 1952 Epist.
368 1891 442 1933 ll.
468 1887 550 1934 ubi
574 1887 951 1944 ‚Oi-(linationem
993 1889 1044 1935 S.
1071 1889 1210 1945 Pauli
1243 1890 1474 1937 Barnabae
1510 1909 1593 1938 vo·

180 1967 258 2003 cat
283 1954 635 2003 benedictionis
663 1955 1045 2012 Sacramentum,
1084 1957 1351 2021 Gregorius
1377 1958 1595 2022 Magnus

178 2025 263 2071 lib.
286 2028 331 2070 4«.
362 2023 410 2068 in
440 2027 459 2072 l.
494 2024 620 2085 Reg.
646 2040 690 2070 c.
711 2027 757 2072 5.
800 2024 881 2070 ubi
905 2023 1297 2083 benedictionem
1325 2026 1596 2092 Episcopo-

180 2108 284 2138 rum
306 2090 483 2154 pluries
510 2092 870 2139 Sacramentum
892 2093 1121 2156 appellat.

250 2163 331 2206 40·
373 2159 639 2222 Gregorius
682 2160 949 2224 Nyssenus‚
1001 2161 1306 2219 Ambrosius,
1347 2161 1594 2229 Hierony·

181 2245 303 2281 mus,
343 2227 733 2291 Chrysostomus,
774 2227 1091 2290 Augustinus,
1129 2242 1176 2277 et
1204 2231 1282 2278 aiii
1319 2247 1441 2294 quos
1476 2233 1597 2281 citat

182 2295 434 2353 Vitassius,
472 2295 741 2359 episcopali·
769 2296 1089 2344 Ordinatione
1128 2298 1346 2346 Gratiam
1382 2301 1596 2351 conferri

182 2365 377 2425 docent.
448 2364 598 2410 Porro
624 2380 840 2412 asserere
867 2364 1237 2413 ordinationem
1267 2367 1592 2432 episcopalem

180 2432 503 2495 producendae
531 2432 714 2493 Gratiae
751 2432 975 2480 virtutem
1020 2434 1216 2493 habere,
1254 2435 1382 2483 idem
1422 2447 1495 2485 est
1537 2455 1596 2487 ac

181 2517 396 2548 asserere
422 2499 550 2546 illam
576 2516 681 2547 esse
709 2501 1090 2548 Sacramentum.

248 2572 332 2616 50.
367 2566 554 2615 Concil.
574 2568 708 2614 Trid.
736 2585 853 2616 sess.
879 2569 957 2617 23.
984 2586 1090 2633 cap.
1118 2574 1162 2617 3.
1188 2571 1361 2633 probat
1388 2572 1598 2623 Ordina-

185 2635 362 2684 tionem
405 2651 509 2682 esse
551 2636 919 2684 Sacramentum
947 2654 1009 2684 ex
1047 2638 1148 2686 istis
1176 2639 1314 2687 Pauli
1349 2642 1508 2690 verbis
1533 2644 1597 2691 ad'

162 2702 493 2750 ,Timotheum
523 2704 852 2767 Episcopum;
895 2706 1126 2755 Aclmoneo
1169 2715 1216 2755 te
1260 2716 1324 2755 ut²
1355 2713 1595 2761 resuscites

186 2771 399 2818 Gratiam
426 2772 523 2819 Dei
545 2779 648 2836 q'uoe
684 2774 730 2820 irc
757 2781 802 2821 te
824 2780 994 2836 est-per
1028 2775 1596 2840 impositionem‘maizzmm

183 2855 402 2885 mearum.
471 2839 582 2886 Nisi·
611 2852 773 2888 autem
800 2840 1057 2895 Ordinatio
1096 2843 1385 2906 episcopalis
1427 2862 1595 2895 verum

184 2906 245 2952 sit
289 2906 673 2964 Sacramentum,
709 2908 983 2956 necessario
1025 2912 1335 2975 consequitur
1370 2904 1596 2964 mancum

185 2990 291 3021 esse
330 2988 388 3021 ac
426 2990 619 3036 prorsus
659 2974 861 3024 nullum
885 2991 1032 3040 supra
1065 2978 1183 3026 dicti
1222 2979 1429 3027 Con'cilii
1454 2993 1598 3048 argu’.

184 3051 393 3090 mentum
407 3041 542 3106 ‘quod
564 3051 723 3092 tamen
751 3043 1116 3094 catholicorum
1142 3062 1283 3096 nemo
1311 3045 1527 3098 dii-terit.¹

1514 3123 1598 3172 60.
