1846 3250
626 154 721 202 DE
761 141 1051 202 ORDINE.
1450 149 1543 195 143

130 290 382 358 privilegia
424 288 657 339 clericalia
693 289 847 352 sortiti
909 288 1052 336 estis:
1095 293 1249 335 cavete
1302 285 1450 351 igitur
1487 303 1545 334 ne

132 368 328 421 propter
361 358 518 422 culpas
553 367 724 406 vestras
762 356 843 404 illa
877 355 1103 422 perdatis.
1173 353 1212 401 Ii
1251 364 1412 401 tamen
1451 352 1544 401 illis

140 442 236 472 non
261 427 486 474 fruuntur
510 426 598 472 nisi
635 423 802 490 positis
829 423 972 471 certis
998 421 1370 470 conditionibus.
1441 421 1547 470 Sta-

139 510 244 541 mus
283 495 330 541 in
358 495 528 542 Galliis
569 494 761 542 Statuto
788 491 1051 539 Molinensi
1089 506 1148 537 an
1179 492 1322 538 1566.
1357 489 1438 537 ubi
1474 489 1545 537 sic

137 561 370 610 habetur:
422 562 523 611 Nul
567 564 625 610 cle
669 580 750 611 nos
789 564 928 624 sajets
970 559 1221 606 soi-disant
1275 557 1449 614 Oleros,
1487 563 1547 606 ne

132 647 308 692 pourra
330 632 468 696 jouir
493 631 662 679 desdits
695 630 951 694 privileges,
987 626 1061 675 s'z'l
1092 626 1208 673 n’est
1241 626 1463 674 constitue
1496 638 1548 674 es*

140 697 312 746 Ordres
340 702 516 756 Saeres,
551 716 670 763 pour
703 697 935 745 lamoins
962 695 1272 747 Sous-dz’acre,
1311 712 1368 742 ou
1414 693 1547 743 Clerc

137 765 453 815 actuellement
487 767 691 814 residant
732 773 775 813 et
812 763 996 813 servant
1031 780 1124 810 aux
1158 762 1333 825 Offices,
1372 761 1548 810 Minis-

136 842 269 892 teres,
289 842 331 882 et
357 836 593 897 Benefices
617 834 729 899 qu'il
750 835 864 881 tient
882 833 939 880 de
960 830 1167 895 l'Eglise.
1238 830 1425 876 Eodem
1451 830 1547 894 pri-

134 900 310 964 vilegio
345 902 561 965 gaudere
588 902 804 951 Clericos
843 916 1008 947 omnes
1043 898 1340 946 Beneficium
1386 899 1547 945 eccle-

135 968 375 1017 siasticum
415 970 717 1033 possidentes
759 979 842 1017 aut
880 979 992 1016 actu
1033 977 1081 1014 et
1122 966 1224 1013 sine
1247 966 1419 1013 fraude
1444 976 1546 1014 stu·-

135 1035 306 1085 dentes
339 1038 383 1083 in
413 1037 758 1085 Declaratione
799 1037 912 1084 data
942 1039 1016 1083 10.
1056 1034 1134 1083 die
1177 1035 1392 1097 ejusdem
1431 1033 1545 1082 anni

134 1105 302 1152 statuit
352 1107 554 1154 Carolus
602 1107 690 1153 IX.
744 1105 932 1154 Concil.
980 1103 1114 1151 Trid.
1142 1120 1259 1150 sess.
1310 1105 1391 1150 23.
1427 1105 1544 1150 c.6.›

133 1171 194 1219 de
229 1173 447 1221 Reform.
475 1178 670 1237 jamjam
711 1190 836 1238 pene
883 1173 932 1219 in
981 1170 1200 1220 omnibus
1235 1171 1389 1219 simile
1438 1171 1542 1218 De-

135 1250 320 1288 cretum
359 1243 599 1290 emiserat.
668 1243 801 1290 Hinc
828 1240 1007 1290 Clerici
1045 1239 1123 1301 qui
1164 1256 1298 1287 more
1325 1239 1542 1288 Clerico·

136 1324 240 1355 rum
268 1309 426 1357 vivere
451 1310 694 1365 desinunt,
731 1309 813 1373 qui
857 1327 901 1356 v.
926 1326 975 1372 g.
1009 1318 1168 1355 vestes
1206 1323 1315 1354 suas
1354 1317 1544 1354 exuunt

133 1386 187 1422 ut
212 1377 466 1424 saeculares
489 1377 708 1435 induant,
743 1378 790 1423 in
815 1376 1004 1424 actibus
1030 1374 1207 1423 Clerici
1231 1391 1407 1422 nomen
1431 1391 1547 1438 sup-s

132 1443 348 1506 primunt
375 1455 429 1492 ut
469 1445 729 1493 Laicorum
765 1445 930 1492 titulos
966 1452 1227 1502 assumant,
1262 1443 1368 1507 ipso
1407 1442 1541 1490 facto

134 1511 397 1576 privilegiis
421 1514 518 1560 suis
543 1513 794 1561 excidunt.
1234 1570 1237 1573 ¹

202 1581 275 1627 30·
313 1583 533 1634 Quatuor
569 1591 680 1629 sunt
718 1579 964 1645 praecipua
1005 1578 1306 1628 Clericorum
1353 1577 1547 1642 privile-

133 1646 231 1710 gia,
279 1648 500 1696 nimirum
530 1648 884 1709 'immunitasa
925 1646 1214 1711 quibusdam
1261 1646 1452 1694 tributis
1493 1657 1545 1695 et

131 1716 410 1764 muneribus
455 1716 677 1780 publicis,
719 1715 1023 1781 privilegium
1067 1714 1194 1773 Fori,
1237 1714 1543 1779 privilegium

133 1784 358 1842 Canonis‚
394 1784 616 1833 habilitas
640 1784 701 1843 ad
729 1783 990 1833 Beneficia.

200 1852 375 1916 Itaque
411 1868 473 1900 ex
498 1853 654 1917 primo
678 1852 931 1916 privilegio
961 1849 1139 1900 Clerici
1165 1848 1294 1915 apud
1319 1866 1405 1898 nos
1431 1861 1545 1899 sunt

130 1918 368 1968 immunes
409 1936 438 1967 a
482 1921 801 1983 vectigalibus
849 1919 1106 1976 nonnullis,
1157 1934 1185 1966 a
1232 1918 1415 1976 militia,
1459 1930 1544 1966 aut

132 1986 277 2033 etiam
302 1989 362 2034 ab
388 1987 690 2051 excipiendis
714 1997 847 2036 tecto
871 1986 1117 2042 militibus,
1143 2003 1171 2034 a
1195 1986 1376 2043 tutelis,
1403 2003 1543 2035 cura-

133 2053 258 2111 telis,
296 2065 343 2102 et
369 2055 471 2102 aliis
495 2055 727 2103 similibus
751 2055 956 2119 publicis
981 2054 1273 2103 muneribus.
1379 2056 1380 2059 ’

200 2122 278 2169 Ex
305 2123 555 2186 privilegio
582 2124 694 2172 Fori
718 2124 954 2171 immunes
994 2133 1106 2170 sunt
1142 2138 1169 2170 a
1201 2121 1542 2185 jurisdictione

129 2189 406 2238 Laicorum.
475 2191 590 2240 Hoc
632 2202 794 2240 autem
834 2207 931 2239 non
974 2191 1107 2254 viget
1147 2190 1195 2237 in
1244 2191 1416 2239 Galliis
1453 2208 1542 2255 pro

135 2257 291 2305 causis
326 2257 552 2316 realibus,
588 2260 675 2307 sed
699 2270 884 2327 tantum
910 2275 998 2324 pro
1027 2259 1183 2307 causis
1207 2258 1541 2323 personalibus

129 2326 228 2374 sive
276 2326 495 2375 civilibus
530 2328 629 2376 sive
656 2328 997 2386 criminalibuS‚
1035 2328 1116 2375 ubi
1155 2343 1296 2375 casus
1339 2343 1434 2374 non
1466 2338 1543 2375 est

130 2393 476 2458 privilegiatus.

201 2462 481 2510 Notandum
516 2473 589 2512 est
623 2480 740 2512 vero
777 2463 993 2512 Clericos
1028 2462 1076 2510 in
1116 2462 1275 2510 Sacris
1311 2461 1544 2510 constitu-

133 2538 207 2576 tos
248 2545 343 2576 nou
389 2546 530 2593 posse
571 2532 632 2579 ob
670 2532 836 2580 debita
879 2530 1158 2595 pecuniaria
1197 2532 1245 2577 in
1292 2539 1540 2579 carcerem

135 2596 343 2654 detrudi,
380 2614 440 2654 ex
467 2599 726 2648 Sanctione
759 2599 978 2648 Blesensi
1002 2609 1092 2647 art.
1128 2602 1208 2649 57.
1238 2599 1341 2646 Res
1378 2609 1541 2665 tamen

134 2662 274 2710 aliter
297 2679 348 2711 se
372 2664 571 2714 habebit
608 2667 647 2715 si
688 2678 861 2732 agatur
903 2667 964 2715 de
989 2666 1164 2715 debitis
1199 2667 1385 2714 ratione
1410 2683 1543 2714 com-

131 2731 298 2778 mercii
340 2734 614 2792 contracti&
651 2752 694 2782 v.
719 2753 766 2800 g.
804 2734 1091 2799 syngraphis
1118 2733 1406 2798 'argentariis
1437 2735 1541 2797 gal·-

130 2798 243 2852 lice‚
278 2797 434 2848 lettres
457 2803 514 2851 de
535 2802 723 2868 change,
761 2814 815 2851 et
834 2803 938 2850 aliis
964 2805 1108 2851 rebus
1135 2819 1242 2866 quae
1266 2813 1376 2850 sunt
1395 2801 1542 2862 juris-

131 2865 354 2914 dictionis
391 2867 620 2928 Judicum
665 2871 946 2919 Consulum.
1017 2872 1124 2919 Nec
1151 2871 1294 2918 etiam
1323 2868 1538 2917 Clerico-

129 2950 233 2983 rum
283 2935 636 2999 suppellectilia
680 2939 958 2988 indistincte
1003 2938 1051 2986 in
1097 2935 1538 3048 solutionemraeris

201 3022 204 3025 ⁴
1363 3018 1388 3049 a
1413 3017 1540 3050 1en10
