1846 3250
252 210 352 261 242
770 213 1202 266 TRACTATUS

315 349 379 397 R.
408 349 467 393 1⁰·
510 345 674 394 atthas
716 346 849 396 licite
891 359 943 397 et
988 350 1146 398 valide
1172 366 1314 414 posse
1358 351 1668 415 sponsalibus

247 413 460 479 apponi;
495 413 637 461 arrha
678 415 805 461 enim
832 431 909 464 res
951 427 1025 464 est
1049 419 1207 481 pretio
1234 419 1528 467 aestimabilis
1565 420 1666 468 sive

245 480 486 545 asponsis
509 480 612 528 sive
637 496 665 528 a
689 483 1008 545 parentibus
995 499 1043 530 1n
1067 485 1218 532 futuii
1246 486 1536 534 matrimonii
1562 485 1670 550 pig-

244 565 337 596 nus
376 557 427 597 et
468 548 883 597 confirmationem
927 551 1054 598 data.
1127 553 1285 614 Atqui
1319 569 1395 601 res
1433 554 1671 616 eJusmodi

245 616 381 664 licite
407 624 457 663 et
481 615 640 664 valide
678 626 841 679 potest
877 619 1180 680 sponsalibus
1206 620 1403 682 apponi,
1440 630 1494 669 ut
1530 637 1671 669 cons-

242 694 316 733 tat
341 699 406 732 ex
444 682 583 747 Lege
610 684 782 732 Arrhis
808 689 852 732 3.
882 686 996 734 cod.
1020 687 1078 733 de
1105 686 1364 749 Sponsalib.
1404 695 1448 735 et
1471 687 1664 737 Arrhis.

245 750 360 799 Non
385 760 549 799 tamen
574 750 728 798 arrhae
754 751 937 799 debent
962 768 1068 800 esse
1093 752 1356 800 admodum
1382 769 1571 816 graves,
1598 770 1658 802 ne

242 818 465 866 recidant
502 817 550 864 in
587 834 781 880 poenam
819 818 1069 882 paetitiam
1096 837 1203 885 quae
1239 820 1287 866 in
1335 821 1666 884 esponsalibu's

239 885 414 934 sedulo
438 885 635 933 vitanda
659 895 749 933 est.

310 954 377 999 20·
414 952 532 1000 Post
574 952 852 1015 conjugium
889 952 1032 1002 arrha
1073 953 1206 1001 danti
1234 953 1538 1004 restituenda
1573 965 1664 1014 est,

239 1019 330 1068 nisi
356 1019 517 1068 obstet
542 1020 639 1066 loci
659 1020 982 1069 consuetudo.
1052 1022 1199 1069 Ratio
1224 1031 1298 1070 est
1323 1023 1437 1086 quia
1460 1023 1664 1087 promis-

237 1087 311 1136 sio
335 1087 537 1150 impleta
556 1097 646 1134 est.

310 1158 377 1202 30·
416 1154 634 1216 Sponsus
667 1153 844 1215 injuste
881 1154 1098 1203 resiliens
1140 1156 1300 1219 perdit
1339 1145 1529 1205 arrham
1555 1171 1583 1205 a
1606 1171 1660 1204 se

239 1220 422 1288 datam,
448 1221 560 1282 quia
582 1220 729 1283 fregit
749 1221 913 1268 fidem.
1012 1234 1015 1237 ’

308 1286 374 1335 40·
407 1287 622 1341 Quando
649 1289 773 1336 alter
810 1288 1115 1336 solummodo
1141 1304 1427 1352 sponsorum
1465 1290 1659 1337 arrham

233 1354 455 1408 tradidit,
492 1363 612 1402 tunc
651 1355 733 1417 qui
770 1371 876 1402 eam
918 1356 1121 1419 recepit,
1160 1357 1198 1403 si
1235 1356 1410 1418 injuste
1444 1357 1595 1405 resilit
1630 1362 1658 1405 a

236 1422 557 1485 sponsalibuS,
595 1421 744 1469 debet
769 1438 831 1469 ex
859 1422 998 1484 Lege
1036 1427 1082 1470 5.
1112 1424 1224 1472 Cod.
1251 1425 1309 1472 do
1336 1423 1651 1487 Sponsalibus‚

238 1505 346 1538 eam
378 1490 425 1535 in
451 1488 654 1551 duplum
698 1489 974 1546 restituere,
1010 1489 1108 1537 imo
1133 1489 1180 1535 in
1226 1490 1567 1554 quadruplum,
1615 1492 1660 1539 si

232 1574 290 1605 ex
324 1557 553 1605 communi
596 1573 818 1604 consensu
854 1556 976 1604 inter
999 1558 1320 1605 contrahentes
1344 1559 1415 1606 zta
1439 1574 1659 1606 convene-

234 1624 316 1672 rit.
388 1621 554 1669 Minor
590 1632 754 1669 tamen
792 1623 1052 1670 restituere
1094 1640 1192 1673 non
1239 1634 1435 1672 tenetur
1475 1624 1564 1673 nisi
1605 1624 1656 1699 id

237 1689 371 1754 quod
395 1688 604 1752 accepit.

302 1761 369 1806 5⁰·
407 1756 623 1819 Sponsus
652 1760 784 1817 Justa
804 1755 870 1803 de
901 1771 1050 1804 causa
1075 1756 1295 1805 resiliens
1332 1773 1425 1804 nec
1461 1758 1650 1807 arrham

226 1824 395 1872 datam
422 1822 600 1886 perdit,
639 1833 1025 1885 nec'acceptam
1063 1824 1110 1870 in
1148 1824 1349 1887 duplum
1392 1825 1648 1878 restituere

231 1900 445 1940 tenetur.
515 1889 615 1938 Ubi
643 1889 770 1937 enim
796 1905 893 1951 non
932 1900 1006 1937 est
1047 1892 1209 1954 culpa,
1246 1907 1340 1939 nec
1366 1892 1515 1940 debet
1540 1907 1647 1940 esse

230 1974 393 2022 poena.

299 2030 365 2074 6⁰·
405 2024 456 2072 Si
493 2039 697 2087 sponsus
737 2023 821 2086 qui
868 2023 1032 2072 arrhas
1069 2024 1283 2081 tradidit,
1319 2024 1380 2072 sit
1422 2025 1472 2071 in
1513 2040 1648 2073 mora

229 2083 480 2156 culpabili,
517 2091 672 2138 arrhae
698 2093 881 2138 cedunt
918 2091 966 2137 in
1008 2093 1200 2140 lucrum
1237 2091 1534 2156 recipientis,
1570 2093 1648 2141 vel

227 2161 267 2208 si
307 2159 526 2214 moritur,
571 2163 671 2219 eJus
710 2158 973 2205 haeredum
1047 2160 1264 2222 AEquum
1307 2170 1380 2206 est
1417 2159 1545 2207 enim
1582 2159 1646 2208 ihi

220 2244 412 2291 poenam
438 2242 550 2279 esse,
575 2224 652 2272 ubi
674 2233 717 2272 et
745 2242 864 2272 noxa
891 2233 975 2282 est,
1009 2226 1093 2273 lib.
1121 2229 1199 2272 ⁶22.
1231 2227 1354 2274 Cod.
1376 2225 1647 2285 *de‘Poenia

295 2297 362 2345 7⁰·
401 2298 431 2321 “
454 2294 578 2341 Cum
601 2302 774 2338 neuter
797 2307 1002 2354 sponsus
1028 2292 1117 2339 fuit
1144 2293 1190 2340 in
1213 2308 1362 2348 mora,
1401 2303 1451 2339 et
1475 2296 1645 2340 e'orum

230 2365 264 2390 “
290 2362 413 2409 alter
438 2369 551 2407 ante
578 2358 862 2421 conjugium
889 2358 1109 2415 moritur,
1147 2358 1316 2415 arrhae,
1340 2359 1539 2420 joca-lia,
1598 2368 1648 2406 et

228 2432 260 2464 “
285 2430 380 2478 alia
400 2426 610 2482 similias
628 2425 784 2489 inquit
812 2426 1051 2482 Colimus,
1089 2427 1270 2473 debent
1310 2430 1413 2487 ejus
1439 2425 1660 2474 haeredi-²

227 2501 259 2526 -“
283 2498 376 2545 bus
413 2493 637 2548 restitui,
625 2513 635 2524 ·
672 2493 786 2555 quia
827 2493 909 2540 ubi
947 2508 1040 2539 non
1077 2491 1325 2556 praecessit
1352 2493 1513 2557 culpa,
1550 2508 1643 2541 nec

225 2567 261 2592 “
282 2578 433 2626 poena
456 2561 592 2623 sequi
635 2560 800 2608 debet.
873 2559 922 2608 Si
967 2570 1127 2608 tamen
1154 2559 1318 2623 puella
1352 2560 1432 2608 diu
1460 2565 1643 2624 expec-

225 2636 259 2660 “
286 2629 454 2684 tando,
492 2627 736 2676 commodi
772 2626 1062 2674 matrimonii
1101 2626 1407 2674 occasionem
1444 2638 1644 2691 praeter-

226 2700 257 2728 “
284 2695 427 2750 misit,
466 2694 644 2758 poterit
669 2703 900 2771 accepta·
903 2694 1031 2741 dona
1066 2694 1209 2741 titulo
1235 2693 1640 2757 compensationis

224 2767 258 2791 “
283 2777 493 2818 servare,
537 2762 805 2823 praesertim
862 2760 902 2811 si
959 2777 1061 2811 non
1108 2762 1375 2811 reclament
1422 2760 1644 2813 defuncti

225 2833 259 2866 “
281 2828 445 2899 sponsi
470 2827 707 2877 haeredes,

1536 2954 1643 3041 *De
