1846 3250
191 231 289 281 298
730 225 1161 278 TRACTATUS

184 376 228 417 et
254 387 311 434 qu
316 365 357 414 'a
381 364 412 413 Z’
416 365 566 430 egard
601 365 683 413 des
724 365 850 413 Low:
889 363 929 413 il
962 363 1007 412 n’
1003 383 1041 429 y
1064 381 1119 413 en
1160 364 1227 414 ait
1254 367 1387 431 point
1409 384 1528 432 pour
1546 367 1611 419 les

183 445 307 483 actes
332 441 374 482 et
400 436 529 499 effets
562 432 719 490 civils,·
748 449 899 496 parce
939 450 1026 498 que
1063 431 1107 480 le
1145 441 1329 483 contrat
1370 435 1477 485 civil
1498 444 1542 485 et
1566 446 1613 486 te

183 502 393 566 mariage
416 510 519 550 sont
543 502 603 548 du
631 509 802 549 ressort
825 501 882 548 de
923 502 1043 547 deux
1078 500 1323 564 puissance
1346 504 1612 567 dff'erentes

185 570 266 634 qui
288 576 391 618 sont
415 568 780 634 independantes
802 567 924 615 Z’une
948 569 1004 615 de
1025 566 1196 615 l'autre
1217 569 1338 616 dans
1360 588 1429 618 ces
1455 572 1608 648 fizitS.

255 637 497 685 Caeterum
540 652 651 683 cum
692 644 959 699 potestates
1000 649 1029 681 a
1066 635 1181 682 Deo
1223 636 1457 685 ordinatae
1495 638 1609 697 sint,

182 703 576 768 sperandumest
615 702 828 752 futuram
870 718 967 749 non
1009 717 1133 758 esse,
1169 701 1260 750 nisi
1300 703 1430 752 forte
1470 706 1612 755 raris-

183 772 319 850 sime,
357 772 484 820 inter
525 780 821 835 potestatem
859 768 1242 818 ecclesiasticam
1270 780 1321 819 et
1346 771 1536 821 civilem
1562 773 1612 821 in

180 841 278 887 suis
294 840 366 901 de
390 838 697 887 matrimonio
724 837 942 900 Legibus
967 853 1199 900 pugnam,
1220 837 1401 901 vixque
1426 839 1611 889 dissen-

181 907 328 956 sionis
353 923 412 956 ea
435 907 498 954 de
522 922 577 954 re
616 906 742 954 inter
784 906 888 953 illas
932 913 1201 969 potestates
1250 907 1479 972 exempla
1504 924 1614 972 pos-

181 985 294 1023 sunt
319 974 571 1039 appellari.
643 973 816 1021 Primis
840 971 1030 1021 saeculis
1056 981 1263 1035 utraque
1283 984 1500 1038 potestas
1525 976 1613 1023 im-

181 1043 464 1107 pedimenta
487 1041 657 1090 statuit
682 1043 866 1105 absque
900 1040 998 1087 ulla
1038 1039 1297 1089 discordia.
1385 1043 1612 1092 Ecclesia

180 1111 445 1187 postulavit
486 1109 651 1172 Leges
693 1126 723 1157 a
762 1107 1085 1171 PrincipibuS‚
1123 1118 1173 1156 et
1221 1107 1427 1156 vicissim
1473 1110 1612 1158 Prin-

181 1177 316 1242 cipes
342 1179 401 1226 ab
431 1176 672 1233 Ecclesia,
712 1177 1029 1238 Decretaque
1070 1176 1325 1238 potestatis
1359 1176 1609 1239 utriusque

182 1245 392 1293 vicissim
418 1245 705 1293 confirmata
750 1254 862 1291 sunt
895 1258 954 1290 ac
997 1242 1279 1292 executioni
1305 1243 1614 1293 demandata.

178 1311 292 1362 Jam
318 1329 347 1361 a
370 1313 518 1375 longo
543 1321 767 1374 tempore
794 1310 1044 1373 Principes
1064 1309 1312 1358 christiani
1338 1327 1401 1359 ex
1427 1313 1612 1375 pietate

180 1390 237 1429 etv
257 1397 318 1428 ex
342 1396 430 1428 sua
453 1380 502 1426 in
530 1379 805 1428 Ecclesiam
832 1376 1106 1426 reverentia
1128 1377 1356 1426 videntur
1379 1379 1495 1428 huic
1520 1380 1610 1428 soli

180 1447 381 1497 cessisse
405 1446 757 1511 impedimenta
780 1444 1136 1494 matrimonium
1173 1445 1448 1495 dirimentia
1473 1466 1485 1496 ε
1532 1449 1611 1498 Ci-

178 1516 291 1565 viles
317 1518 483 1580 Leges,
520 1514 677 1578 inquit
703 1515 878 1562 Petrus
906 1512 1026 1560 Soto
1051 1513 1166 1560 lect.
1190 1517 1237 1561 4.
1262 1513 1326 1562 de
1350 1514 1608 1563 Matrimo-

176 1582 274 1641 nio,
312 1585 361 1631 in
385 1583 459 1631 his
483 1582 689 1630 omnibus
712 1583 942 1645 expietate
965 1588 1087 1628 certe
1122 1588 1167 1628 et
1195 1580 1430 1631 voluntate
1463 1584 1609 1632 Prin-

178 1651 332 1713 cipum
368 1648 529 1713 facile
569 1657 799 1697 cesserunt
849 1646 1083 1703 Ecclesiae,
1144 1655 1194 1694 ut
1225 1651 1336 1713 jam
1370 1658 1611 1699 censeatur

178 1718 519 1766 matrzmonium
545 1715 832 1781 illegitimum
856 1715 982 1780 quod
1004 1712 1207 1762 Ecclesia
1245 1715 1340 1763 tale
1362 1717 1605 1777 judicat...

176 1803 269 1834 non
317 1784 480 1833 debent
513 1792 667 1831 tamen
703 1800 830 1848 (egre
856 1784 1004 1847 ferre
1052 1780 1256 1831 Proelatz‘
1290 1783 1530 1838 Ecdeme,
1567 1786 1610 1832 si

178 1850 426 1901 saeculares
450 1851 704 1913 Principes
726 1857 935 1898 statuant
977 1866 1082 1913 quoe
1116 1849 1361 1914 temporali
1392 1852 1504 1915 paci
1530 1869 1608 1899 ne·

178 1921 381 1969 cessaria
399 1919 688 1980 judicarint.
761 1920 863 1966 Nec
903 1924 970 1964 est
1008 1932 1094 1963 cur
1131 1932 1181 1963 se
1218 1916 1310 1965 illis
1352 1928 1604 1982 opponant,

177 1989 554 2050 sedpermittant
593 1988 756 2049 potius
795 1983 1136 2033 matrimonium
1166 1983 1379 2033 humanis
1406 1986 1606 2050 Legibus

177 2054 409 2109 ordinari,
442 2071 541 2102 cum
582 2054 774 2117 officium
815 2053 1069 2100 humanum
1093 2052 1190 2099 sit:
1228 2059 1272 2100 et
1297 2053 1513 2101 addant
1495 2070 1603 2115 φρει,

174 2122 219 2170 si
240 2121 485 2177 videbitur,
523 2122 645 2186 quod
667 2122 733 2168 ad
753 2121 916 2169 bonum
938 2117 1203 2182 Religionis
1218 2120 1438 2184 pertinet.
1477 2120 1605 2169 Vide

136 2187 151 2198 ”
172 2188 429 2254 praefatum
459 2188 685 2236 Gerbesii
711 2188 867 2251 Opus,
903 2185 951 2231 in
979 2201 1075 2246 quo
1102 2186 1234 2233 Petri
1264 2187 1382 2234 Soto
1408 2198 1604 2234 senten-

174 2257 290 2304 tiam
318 2268 420 2304 tum
447 2254 686 2319 exemplis
706 2264 808 2301 tum
829 2253 1097 2301 rationibus
1125 2254 1287 2301 multis
1306 2270 1364 2301 ac
1390 2256 1604 2302 nervosis

176 2324 396 2373 defendit
422 2339 481 2371 ac
506 2323 738 2385 explicat.

247 2391 347 2456 Obj.
375 2395 436 2439 3⁰·
463 2390 595 2438 Nihil
622 2391 784 2437 valent
829 2385 1080 2451 Principes
1122 2387 1170 2434 in
1214 2396 1494 2435 contractus
1521 2403 1604 2435 na·

176 2461 385 2512 tui-aies:
422 2458 554 2523 atqui
598 2455 957 2505 matrimonium
1006 2466 1080 2504 est
1135 2464 1418 2503 contlactus
1463 2467 1603 2503 natu-

172 2527 320 2582 ralis3
356 2542 500 2590 ergo,
517 2530 606 2574 ὅτε.

243 2596 306 2642 R.
332 2612 434 2659 neg.
459 2597 571 2658 maj.
609 2594 810 2641 Certum
853 2600 927 2638 est
969 2590 1094 2651 enim
1139 2599 1421 2638 contractus
1469 2606 1601 2654 emp-

174 2661 335 2718 tionis,
373 2660 679 2715 venditionis,
718 2658 1007 2713 donationis,
1048 2656 1316 2713 locati0nis‚
1342 2657 1458 2705 licet
1487 2664 1600 2720 jure

174 2739 357 2777 naturae
382 2738 671 2781 statuantur,
713 2725 931 2788 Legibus
973 2735 1134 2773 tamen
1170 2724 1389 2773 civilibus
1415 2726 1599 2788 perfici

180 2797 261 2845 Sic
288 2805 569 2845 contractus
591 2793 841 2847 naturalis,
880 2802 933 2840 ut
973 2793 1056 2840 fiat
1093 2808 1231 2839 sacer
1253 2808 1312 2840 ac
1342 2792 1598 2856 Religione

175 2865 367 2929 dignus,
406 2863 624 2926 Legibus
649 2860 822 2908 divinis
854 2869 937 2907 aut
975 2859 1321 2908 ecclesiasticis
1345 2860 1514 2924 perfici
1539 2876 1597 2911 ac

174 2931 465 2980 sanctificari
493 2930 655 2977 debet.

239 3001 360 3050 Iust.
402 3002 464 3048 1⁰0
504 2997 651 3053 Quod
687 2997 868 3044 bonum
904 3005 977 3044 est
1013 2993 1062 3043 in
1097 2993 1286 3044 ratione
1315 3001 1595 3105 contractps

1368 3070 1539 3109 natura
1559 3075 1597 3106 is
