1846 3250
0 0 634 21 WW*““

244 178 348 228 282
757 169 1188 228 TRACTATUS

244 312 411 365 semble
449 313 509 361 de
547 309 649 361 leur
687 308 977 364 insinuativa
1009 316 1055 363 et
1088 309 1147 362 de
1185 322 1239 361 sa
1275 313 1397 372 date,
1433 309 1475 362 le
1508 320 1608 363 tout
1642 329 1671 360 a

234 382 390 447 peine,
415 380 496 442 &c-

320 444 513 504 Quoeres
536 450 621 494 4⁰·
657 457 818 495 utrum
856 448 894 497 si
944 442 1289 497 contrahentes
1323 447 1526 496 diversae
1561 446 1673 504 sint,

244 514 555 572 Dioeceseos‚
592 526 715 564 unus
760 516 1031 580 Episcopus
1072 526 1334 584 utrumque
1382 514 1674 563 contrahen

244 592 354 632 tem
371 598 400 631 a
423 581 594 631 bannis
620 583 899 647 dispensare
923 584 1108 647 possit
1098 584 1122 611 '³

314 649 384 698 R.
439 650 667 716 negative,
727 650 839 713 quia
895 651 1037 698 unius
1095 650 1340 698 Dioecesis
1395 648 1672 712 Episcopus

240 718 426 766 nullam
463 717 511 764 in
547 717 746 766 alterius
783 718 1016 782 Episcopi
1064 718 1323 766 Subditum
1375 716 1674 778 jurisdictio

241 798 357 833 nem
393 786 558 835 habet.
647 785 779 833 Hine
818 786 867 833 in
907 800 966 833 eo
991 800 1107 834 casu
1133 784 1395 848 requiritur
1422 783 1673 858 utriusque

242 852 482 918 Episcopi
504 851 817 916 dispensatio.

316 919 512 977 Quoeres
535 923 617 968 50·
653 936 713 968 an
738 920 775 967 si
820 919 962 968 trium
1004 920 1274 968 bannorum
1301 920 1503 967 obtenta
1527 916 1675 965 fuerit

241 985 559 1052 dispensatio,
595 987 757 1035 banna
797 997 909 1051 post
957 987 1248 1036 matrimonii
1291 984 1671 1035 celebrationem

239 1054 534 1121 proclamari
559 1053 810 1103 debeant?

313 1123 378 1171 R.
414 1119 690 1172 Concilium
727 1121 863 1170 Trid.
896 1121 944 1168 in
982 1121 1094 1170 loco
1131 1122 1281 1169 citato
1320 1119 1445 1168 velle
1484 1119 1532 1165 id
1568 1116 1674 1165 fieri

236 1187 331 1237 nisi
367 1186 510 1238 aliter
535 1185 829 1252 Judicaverit
890 1188 1165 1253 Episcopus·
1224 1192 1363 1252 cujus
1398 1185 1672 1262 prudentiae

241 1266 296 1304 et
321 1257 512 1318 judicio
563 1255 616 1303 id
665 1256 967 1319 relinquitur.
1059 1257 1118 1304 Id
1161 1271 1271 1303 raro
1307 1255 1362 1302 fit
1396 1255 1445 1300 in
1482 1252 1673 1309 Galliis,

238 1320 340 1371 hoc
373 1332 540 1372 tamen
572 1322 854 1371 faciendum
908 1323 1237 1386 praescribitur
1290 1321 1338 1369 in
1383 1318 1674 1385 quibusdam

237 1383 574 1449 DioecesibuS‚
599 1407 644 1440 v.
670 1408 719 1455 g.
738 1390 788 1437 in
817 1389 1333 1456 Gratianopolitana

315 1459 508 1516 Quaeres
532 1457 615 1507 60·
651 1472 871 1521 quaenam
924 1458 1020 1507 sint
1079 1470 1240 1508 causae
1278 1453 1588 1520 dispensandi
1622 1453 1674 1501 in

238 1524 624 1588 proclamatione
647 1527 956 1575 bannorum
945 1527 962 1560 Ρ

312 1587 381 1640 R.
418 1605 589 1641 causas
624 1592 865 1656 legitimas
902 1592 1098 1656 requiri,
1143 1606 1253 1640 cum
1293 1589 1447 1640 omnis
1482 1590 1677 1655 dispen-

240 1659 377 1718 satio
392 1659 543 1723 Legis
567 1659 774 1722 alicujus
804 1660 908 1708 sine
949 1660 1177 1722 legitimis
1220 1659 1379 1708 causis
1403 1658 1572 1723 illicita
1595 1657 1676 1715 sit,

235 1738 554 1792 peccentque
578 1725 679 1774 sive
705 1727 786 1789 qui
827 1743 934 1776 eam
974 1737 1149 1791 petunt
1190 1726 1291 1774 sive
1317 1726 1399 1788 qui
1425 1741 1529 1773 eam
1560 1741 1675 1773 con·

240 1794 443 1842 cedunt.
526 1794 680 1841 Porro
704 1795 837 1842 inter
872 1794 1114 1858 legitimas
1155 1791 1465 1857 dispensandi
1501 1807 1672 1840 causas

236 1860 486 1910 recenseri
510 1871 730 1924 possunt·

261 1988 269 1990 a
315 1931 393 1976 10·
432 1928 483 1977 Si
507 1927 916 1991 proclamationes
956 1928 1063 1977 fieri
1089 1937 1335 1991 nequeant
1359 1927 1539 1988 absque
1565 1937 1674 1988 gra-

234 1994 291 2043 vi
323 1995 522 2046 infamia
559 2005 607 2045 et
668 1997 916 2054 scandalo,
975 2007 1093 2060 puta
1152 2012 1263 2044 cum
1320 1994 1352 2041 ii
1407 1994 1490 2057 qui
1524 1993 1673 2073 vulgo

235 2059 483 2112 habentur
520 2068 771 2129 conjuges,
829 2063 1052 2129 legitimo
1110 2059 1416 2112 matrimonio
1470 2065 1671 2122 conjun-

233 2130 389 2196 gendi
411 2140 539 2179 sunt.

308 2199 389 2246 20·
427 2200 554 2248 Cum
590 2197 948 2246 matrimonium
986 2213 1049 2246 ex
1083 2197 1435 2261 impedimento
1472 2195 1672 2245 occulto

240 2276 291 2315 et
315 2262 573 2314 dirimente
597 2266 802 2319 nullum,
838 2265 1192 2313 restituendum
1220 2276 1310 2313 est.

309 2330 386 2380 3⁰·
425 2325 550 2383 Cum
575 2331 884 2397 impossibilis
910 2342 984 2381 est
1021 2332 1291 2380 bannorum
1333 2328 1668 2394 proclamatio,

235 2417 283 2447 v.
306 2418 356 2465 g
385 2410 607 2464 tempore
632 2399 798 2464 pestis.

306 2474 388 2515 40·
426 2469 551 2518 Cum
579 2478 740 2531 partes
765 2466 922 2531 poenis
949 2464 1413 2515 Concubinariorurn
1439 2477 1468 2510 a
1487 2461 1667 2511 Judiee

236 2535 515 2598 plectendae
561 2544 692 2593 sunt,
729 2535 816 2582 nisi
856 2551 908 2582 se
946 2531 1164 2598 legitimo
1207 2531 1514 2579 matrimonio
1552 2546 1668 2578 con-

229 2607 427 2666 junctas
456 2602 784 2666 piwobaveiint.

307 2669 384 2717 5⁰·
424 2671 547 2719 Cum
586 2669 943 2718 matrimonium
1002 2667 1149 2716 finem
1206 2665 1268 2714 sit
1327 2663 1664 2742 impositurum

237 2734 443 2793 crimini,
480 2754 527 2783 v.
585 2754 633 2800 g.
688 2737 1061 2813 concubinatuS,
1123 2751 1221 2798 quo
1287 2732 1483 2797 nupturi
1533 2732 1665 2779 coin-

236 2802 423 2867 quinati
459 2812 570 2851 sunt
608 2813 658 2851 et
709 2804 757 2850 in
816 2820 914 2867 quo
972 2802 1300 2865 praevidentur
1336 2799 1587 2857 versaturi,
1622 2797 1663 2844 si

234 2887 347 2934 per
356 2870 779 2928 denuntiationem
819 2871 1089 2919 bannorum
1133 2861 1382 2917 differatur
1419 2865 1664 2914 matrimo-

226 2937 383 2991 nium.

1586 2998 1660 3045 6⁰·
