1846 3250
555 144 652 193 DE
691 141 1190 193 MATRIMONJO.
1526 132 1622 195 391

191 311 224 336 μ(
250 282 585 344 confirmatur
619 278 871 343 responsio
932 277 1296 329 Constitutione
1355 275 1617 335 Benedicti

185 352 328 400 XIV.
350 366 429 399 an.
458 350 606 401 1741.
627 349 759 405 data,
795 364 893 412 qua
915 347 1086 395 statuit
1111 345 1417 396 matrimonia
1443 345 1620 393 Haere-

181 421 387 471 ticorum
414 418 541 464 inter
576 425 648 473 se,
685 432 780 463 non
819 426 1023 472 ,servata⁴
1056 413 1327 462 Tridentini
1362 412 1620 476 disciplina

126 521 129 526 -
179 487 230 543 in
255 485 430 548 Belgio
450 484 713 540 foederato,
752 483 835 531 ubi
862 500 926 531 ex
970 483 1115 531 dictis
1157 481 1517 545 promulgatum
1544 490 1618 528 est

187 553 380 611 Concil.
405 553 544 601 Trid.
587 552 625 598 si
651 552 838 599 nullum
862 550 993 599 aliud
1020 549 1262 598 obstiterit
1299 548 1624 612 impedimen-

181 632 302 678 tum,
338 637 425 684 pro
467 619 613 668 validi
654 635 787 667 sesse
828 618 1069 666 habenda.
1139 619 1291 665 Idem
1324 633 1521 694 quoque
1566 616 1616 666 in

183 689 388 754 praefata
413 687 774 738 Constitutione
813 687 1036 734 decernit
1069 685 1133 733 de
1171 685 1489 732 matrimoniis
1525 685 1622 732 Ca-

184 758 478 805 tholicorum
521 773 631 804 cum
660 753 922 803 Haereticis
964 754 1013 800 in
1052 753 1223 802 eadem
1251 752 1476 816 Regione
1514 752 1617 800 sive

184 825 466 881 contractis,
504 825 605 871 sive
656 822 1017 878 contrahendis,
1061 839 1173 886 quae
1223 832 1386 869 tamen
1432 820 1619 868 ibidem

185 893 354 942 illicita
379 909 437 941 ac
465 891 775 940 detestabilia
799 891 1033 939 declarat.

258 962 451 1016 Quaeres
488 964 568 1007 50·
611 975 671 1006 an
722 958 1080 1006 matrimonium
1122 955 1311 1008 ratione
1359 934 1624 1004 clandesti-

183 1027 348 1076 nitatis
383 1027 585 1084 nullum,
621 1026 796 1074 saltem
832 1027 926 1073 vim
969 1026 1152 1073 habe-re
1193 1023 1348 1088 possit
1385 1023 1621 1089 sponsali-

187 1096 363 1145 orum?

251 1164 318 1211 R.
351 1161 578 1228 negative,
634 1161 750 1225 quia
805 1170 1088 1210 contractus
1136 1159 1244 1224 ipso
1286 1165 1399 1222 jure
1457 1160 1623 1207 nullus

185 1231 373 1280 nullum
400 1230 627 1278 effectum
656 1231 821 1278 habet.
896 1230 974 1278 Ita
999 1228 1186 1277 definiit
1224 1245 1364 1276 sacra
1401 1229 1625 1291 Congre-

187 1299 338 1363 gatio.
538 1314 541 1319 ¹
1013 1334 1015 1336 .

263 1368 460 1423 Quaeres
484 1366 562 1413 6⁰·
599 1381 819 1428 quaenam
860 1365 1121 1429 praesentia
1149 1363 1356 1412 Par-ochi
1405 1363 1627 1428 requira-

187 1446 284 1492 tur,
328 1451 388 1481 an
431 1433 638 1497 physica
675 1443 881 1491 tantum,
920 1449 980 1480 an
1024 1450 1140 1482 vero
1179 1432 1372 1482 moralis
1414 1449 1529 1496 quae
1567 1431 1624 1479 fit

185 1520 296 1553 cum
322 1502 548 1550 libertate
575 1512 625 1548 et
659 1500 963 1549 advertentia
983 1502 1006 1548 P

174 1620 181 1627 ⁴
255 1573 317 1621 R.
353 1586 451 1617 non
485 1569 709 1618 sufficere
748 1569 1001 1632 physicam
1044 1585 1132 1617 seu
1175 1566 1494 1621 materialem,
1531 1568 1623 1615 sed

189 1638 368 1701 requiri
393 1638 623 1685 moralem
650 1646 700 1684 et
719 1637 976 1687 humanam
996 1652 1092 1700 qua
1116 1636 1279 1686 videat
1305 1646 1355 1683 et
1380 1635 1625 1697 intelligat

188 1707 306 1771 quid
343 1715 515 1768 agatur
555 1720 582 1752 a
621 1704 1042 1753 contrahentibus.
1112 1703 1261 1753 Unde
1300 1704 1340 1752 si
1377 1703 1627 1751 dormiens

189 1774 315 1824 adsit
357 1785 442 1821 aut
484 1773 708 1821 nesciens
747 1772 864 1836 quid
902 1773 1003 1828 fiat,
1041 1773 1305 1848 nequidem
1351 1772 1487 1819 testis
1530 1772 1622 1818 erit

190 1842 412 1890 idoneus
482 1841 588 1887 Iino
615 1849 811 1916 oportet
837 1850 889 1887 ut
913 1840 973 1887 sit
998 1839 1137 1895 liber,
1163 1856 1263 1887 non
1287 1839 1481 1895 invitus,
1508 1838 1626 1886 alio-

189 1910 306 1974 quin
329 1925 426 1955 non
453 1919 582 1955 esset
605 1907 821 1964 minister
850 1908 1170 1964 Sacramenti‚
1205 1908 1253 1953 in
1269 1923 1373 1971 „quo
1398 1922 1629 1954 necessa-

190 1980 261 2025 ria
286 1986 360 2025 est
384 1976 591 2024 intentio
614 1975 826 2023 faciendi
853 1976 983 2039 quod
1009 1976 1124 2023 facit
1152 1975 1393 2023 Ecclesia.

263 2046 455 2101 Quaeres
481 2046 565 2095 70·
601 2059 661 2090 an
687 2043 1016 2091 necessarium
1054 2043 1118 2091 sit
1159 2053 1214 2091 ut
1249 2042 1500 2093 parochus
1536 2043 1627 2091 be-

189 2099 518 2162 nedictionem
543 2111 826 2173 nuptialem
834 2110 1154 2175 pronuntiet?

257 2182 321 2230 R.
363 2183 435 2226 1⁰·
491 2179 542 2227 Si
583 2178 822 2242 speciales
870 2195 967 2225 non
1016 2179 1113 2227 sint
1159 2179 1380 2227 locorum
1430 2177 1625 2255 Leges,

189 2246 548 2296 matrimonium
591 2248 673 2294 cui
707 2247 956 2295 Paiochus
994 2228 1390 2296 benedictionem
1431 2246 1627 2310 nuptia-

188 2318 286 2373 lem>
309 2315 587 2379 denegavit,
624 2315 752 2362 valet
779 2315 924 2362 etiam
951 2326 1003 2366 ut
1031 2314 1459 2372 Sacramen=tum,'
1446 2330 1494 2360 m
1516 2314 1622 2376 opi-

190 2383 335 2431 nione
376 2399 544 2435 eorum
593 2382 675 2446 qui
725 2383 1076 2430 contrahentes
1117 2384 1286 2431 volunt
1335 2399 1443 2431 esse
1489 2381 1620 2429 illius

193 2450 494 2507 Sacramenti
545 2451 813 2506 Ministros,
869 2451 1148 2499 Parochum
1205 2467 1322 2499 vero
1375 2450 1620 2497 duntaxat

193 2519 368 2567 testem
394 2517 708 2581 praecipuum.
778 2518 835 2566 In
863 2519 1091 2582 opinione
1128 2529 1291 2567 autem
1331 2534 1498 2567 eorum
1533 2517 1618 2581 qui

194 2587 499 2636 contendunt
544 2586 861 2634 Sacerdotem
916 2586 1018 2634 veri
1062 2586 1275 2635 Ministri
1318 2596 1481 2650 partes
1539 2584 1627 2633 hic

194 2669 358 2717 agere,
396 2653 752 2702 matrimonium
778 2654 883 2703 sine
908 2654 1251 2703 benedictione
1276 2653 1480 2717 nuptiali
1507 2669 1624 2701 con-

199 2721 561 2770 tractum-valet
586 2732 777 2771 tantum
799 2722 845 2768 in
865 2722 1392 2781 ⁴rationecontractusr
1422 2721 1624 2769 minime·

196 2805 313 2838 vero
338 2789 386 2836 in
410 2789 596 2838 ratione
623 2791 948 2838 sacramenti.
1105 2841 1115 2852 ‘
1631 2823 1635 2828 -

265 2858 332 2904 R.
365 2860 447 2903 20·
482 2856 529 2905 in
565 2857 739 2906 Galliis
775 2858 965 2907 Lud‘ov.
1004 2858 1156 2907 XIII.
1190 2858 1239 2905 in
1266 2855 1618 2919 Declaratione

195 2941 272 2982 an.
304 2927 448 2973 1639.
482 2924 771 2989 praecepisse
806 2937 859 2983 ut
895 2926 1105 2989 partium
1133 2942 1398 2974 consensus
1433 2924 1626 2986 recipe-

195 3003 328 3047 retur
353 3007 383 3041 a
408 2992 653 3055 ParocliO‚'
686 2993 766 3059 qui
793 3009 904 3108 effi,I
919 2998 1066 3054 juxta
1089 2994 1293 3042 formam
1319 2993 1367 3039 in
1396 2990 1628 3041 Ecclesia

908 3061 956 3108 Al
982 3062 1012 3107 3
1514 3074 1629 3107 con-
