1846 3250
222 169 255 214 ³¹1
267 170 332 214 80
737 165 1163 218 TRACTATUS

232 303 474 366 Spiritum
502 300 735 349 Sanctum
762 319 855 365 per
879 309 1047 352 manus
1070 306 1423 368 'impositionem
1447 305 1632 352 darent.

226 370 359 432 Ergo
385 369 614 433 Episcopi
640 379 689 417 et
714 371 1001 435 Praesbyteri
1028 372 1172 420 iidem
1199 372 1311 419 olim
1337 382 1490 421 erant.

292 438 359 484 R.
388 440 453 484 1⁰·
494 438 693 485 Librum
731 455 826 486 non
852 456 957 487 esse
985 440 1035 487 S.
1064 440 1328 503 Augustini
1369 457 1463 488 nec
1502 439 1629 487 illius

225 520 330 552 esse
369 506 690 561 auctoritatiS,
725 523 834 554 curn
876 507 1016 554 variis
1057 518 1243 556 scateat
1280 509 1537 564 erroribus,
1575 518 1627 556 ut

225 574 538 621 observarunt
579 574 748 622 Patres
786 575 1089 623 Benedictini
1125 576 1173 622 in
1200 575 1547 636 Admonitione
1583 576 1629 624 ei

222 640 435 703 praefixa.

290 710 354 756 2⁰·
392 708 585 757 Dicitur
620 707 815 773 quidem
849 710 897 757 in
923 726 981 758 eo
1008 710 1159 758 Libro
1189 710 1480 775 Episcopum
1506 712 1623 758 nihil

224 792 330 825 esse
354 777 442 825 nisi
467 777 672 842 primum
712 778 1084 843 Praesbyterum,
1121 778 1328 826 sednon
1354 779 1531 828 dicitur
1555 780 1628 842 ip-

221 861 325 892 sum
365 845 468 894 aliis
514 846 828 910 Praesbyteris
869 858 974 895 esse
1000 863 1194 910 prorsus
1230 847 1470 909 equalem.
1541 847 1628 910 Est

222 913 414 976 quidem
429 914 608 978 primus
621 915 908 978 Praesbyter,
934 916 1161 962 sednova
1180 914 1499 963 Ordinatione
1523 913 1626 962 aliis

221 981 508 1045 praepositus
533 991 582 1029 et
599 987 709 1045 jure
733 982 896 1030 divino
920 983 1012 1029 illis
1035 982 1365 1046 praeeminens.

228 1069 230 1072 ·
292 1054 377 1099 30··
409 1050 684 1114 Praesbyter
725 1051 977 1113 consignat
1018 1067 1106 1098 seu
1142 1051 1410 1107 confirmat,
1448 1051 1535 1099 sed
1559 1067 1624 1099 ex

221 1117 537 1167 concessione
564 1118 799 1166 Ecclesiae
823 1128 1028 1177 tantum,
1052 1115 1159 1178 *non
1184 1129 1342 1166 autem
1361 1123 1471 1181 jure
1497 1119 1625 1166 ordi-

221 1185 375 1244 nario,
411 1196 465 1233 ut
489 1185 793 1250 Episcopus.

290 1254 552 1302 Caeterum*
579 1254 704 1302 male
727 1255 901 1319 probat
935 1253 1064 1302 idem
1091 1255 1284 1302 Auctor
1309 1252 1624 1318 Praesbyteris

222 1320 537 1369 confirmandi
579 1332 870 1385 potestatem
912 1321 1069 1371 inesse
1108 1339 1171 1369 ex
1198 1338 1255 1369 eo
1281 1321 1410 1384 quod
1450 1323 1623 1370 Petrus

220 1400 269 1437 et
306 1390 522 1437 Joannes
562 1390 886 1437 Samaritanus
924 1390 1331 1453 consignaverint,
1366 1390 1456 1436 nisi
1497 1389 1624 1438 forte

221 1458 488 1522 Apostolos
529 1474 617 1521 pro
669 1458 812 1506 meris
857 1458 1200 1506 Sacerdotibus
1240 1458 1479 1512 habueiit,
1529 1474 1623 1506 nec

217 1530 448 1588 maJorem
487 1527 554 1574 eis
590 1542 738 1590 quam
779 1526 1075 1589 simplicibus
1113 1517 1429 1591 Praesbyteris
1464 1536 1626 1589 potes-

220 1596 370 1648 tatem
408 1594 732 1642 concesserit:
772 1594 902 1657 quod
929 1610 960 1642 a
982 1594 1175 1643 nemine
1198 1610 1408 1659 unquam
1442 1594 1627 1642 dictum

221 1672 310 1709 est.
431 1686 433 1688 >

293 1729 398 1792 obj.
427 1731 521 1777 130·
561 1729 697 1787 Beda
721 1729 803 1777 lib.
829 1733 874 1778 3.
912 1728 1245 1777 H1st.'eccles.
1270 1746 1313 1777 c.
1337 1733 1384 1776 4.
1420 1730 1622 1792 loquens

217 1796 279 1845 de
304 1798 469 1845 Insula
496 1797 775 1845 Britannica
809 1798 938 1845 Iensi
971 1802 1056 1845 seu
1083 1797 1293 1854 lonensi,
1330 1797 1410 1844 ubi
1435 1813 1546 1846 saec.
1572 1801 1620 1845 6:

214 1866 492 1913 coenobium
528 1881 556 1913 a
582 1866 823 1922 Columba
847 1866 1097 1914 Monacho
1133 1876 1183 1913 et
1217 1866 1521 1928 Praesbytero
1556 1881 1619 1913 ex

213 1943 426 1982 tructum
452 1944 541 1990 est,
579 1933 648 1981 sic
672 1933 850 1981 habet:
899 1933 1089 1982 Habere
1122 1933 1295 1980 solebat
1316 1935 1426 1995 ipsav
1447 1932 1621 1980 Insula

214 2003 455 2051 Rectorem
472 2011 651 2064 semper
667 2000 896 2050 Abbatem
909 2010 953 2048 et
968 2000 1336 2063 Proesbytericm,
1361 2001 1623 2064 cujusjnri

210 2078 256 2116 et
276 2071 428 2117 omnis
453 2071 716 2117 Provincia
738 2076 782 2116 et
802 2071 898 2133 ipsi
920 2071 1060 2116 etiam
1078 2067 1326 2132 Episcopi,
1358 2069 1522 2116 ordine
1545 2070 1621 2115 in·

213 2139 401 2193 usitato,
437 2137 635 2184 debeant
654 2151 754 2184 esse
770 2138 976 2200 subjecti,
996 2138 1152 2199 juoeta
1175 2136 1435 2199 eoeemplum
1465 2137 1623 2199 prim-i

214 2204 347 2253 illius
378 2206 615 2262 Doctoris,
651 2207 738 2268 qui
777 2208 873 2252 non
909 2203 1199 2267 Episcopus,
1234 2205 1316 2251 sed
1348 2203 1623 2266 Proesbyter

213 2282 256 2319 et
278 2272 562 2321 Monachus.
600 2273 665 2320 Et
690 2289 733 2320 c.
753 2275 799 2321 5.
822 2270 900 2320 Ab
915 2271 1004 2319 liae
1027 2288 1135 2333 erqo
1154 2271 1341 2327 Insula,
1365 2270 1427 2317 ab
1450 2271 1537 2317 hor
1538 2287 1619 2317 um

211 2341 405 2403 eolleyio
428 2340 792 2398 fflonackorum,
826 2341 895 2387 ad
914 2338 1184 2401 Anylorum
1208 2338 1522 2385 Provinciam
1545 2339 1620 2384 in-

215 2410 501 2457 stituendam
540 2411 594 2456 in
626 2407 815 2456 Christo
849 2409 1021 2455 missus
1061 2414 1126 2453 est
1157 2403 1399 2463 Aidanus,
1435 2414 1623 2469 accepto

210 2479 373 2538 yradu
412 2479 719 2541 episcopatus,
766 2491 861 2539 quo
901 2483 1101 2537 tempore
1139 2473 1284 2521 eidem
1322 2473 1618 2531 Monosterio

219 2544 449 2606 Seqenius
475 2544 633 2594 Abbas
654 2554 698 2592 et
719 2543 991 2606 Proesbyter
1004 2541 1223 2605 praeficit.
1293 2542 1450 2605 Igitur
1477 2541 1616 2605 Epis-

216 2612 324 2685 copi
363 2623 459 2660 non
495 2622 604 2660 sunt
640 2617 751 2674 jure
786 2612 949 2659 divino
975 2609 1287 2669 P1Uaesbyte1is
1325 2609 1617 2675 superiores,

214 2696 325 2728 cum
350 2679 464 2743 ipsis
488 2679 536 2726 in
562 2681 707 2728 certis
732 2680 922 2728 casibus
947 2678 1154 2740 subjecti
1178 2693 1283 2725 esse
1309 2677 1509 2753 possint.

284 2747 350 2796 R.
379 2751 424 2795 1ο
429 2764 441 2775 ·
481 2747 594 2804 hoc,
623 2752 769 2809 juxta
793 2747 993 2801 Bedam,
1028 2744 1176 2793 fuisse
1199 2745 1500 2794 inusitatum.
1552 2746 1619 2792 2⁰·

218 2814 332 2864 Hoc
357 2814 495 2863 nimis
520 2817 740 2878 probare.
797 2814 919 2861 Inde
945 2812 1070 2861 enim
1092 2820 1378 2876 sequeretur
1397 2813 1622 2875 Praesbya

219 2895 351 2932 teros
375 2882 633 2947 aliquando
657 2882 803 2929 fuisse
830 2880 1085 2945 Ep1scopis
1110 2882 1397 2946 superiores.
1457 2880 1520 2930 3⁰¹·
1559 2879 1618 2926 Id

216 2952 362 3016 ipsius
384 2950 623 3001 Blondelli
647 2960 859 3016 systema
883 2959 1118 3009 evertere,
1145 2966 1254 2998 cum
1272 2949 1481 2998 fateatm
1499 2957 1617 2994 tunc

1389 3014 1615 3078 temporis
