1846 3250
241 165 344 218 274·
743 159 843 211 ,ΤΒ
853 163 1039 212 ACTA
1049 159 1181 213 TUS

240 296 593 363 probationem,
630 297 863 360 prodesse
901 303 1065 346 'tamen
1082 303 1253 361 potest
1288 297 1336 346 in
1362 313 1436 346 30
1447 310 1562 347 casu
1580 314 1665 349 13-.

238 365 416 415 velatio
454 374 507 412 ut
548 380 626 412 res
662 364 939 413 accuratius
980 366 1304 428 expendatur,
1341 377 1503 429 partes
1539 382 1654 414 con·

239 433 490 480 trahentes
516 433 590 479 vel
617 432 788 480 saltem
814 448 995 483 earum
1011 434 1174 481 altera
1190 434 1403 496 benigne
1428 450 1656 482 monean-

242 510 337 556 tur,
376 509 426 546 et
450 498 497 545 in
524 499 673 546 dubio
697 493 973 547 obtineatur
999 500 1231 563 Episcopi
1258 499 1572 564 dispensatio.

309 568 552 615 Caeterum
579 567 662 630 qui
686 566 1085 631 impedimentum
1102 568 1365 615 occultum
1387 577 1438 615 et
1474 584 1538 616 ex
1555 568 1655 615 cri-

241 632 371 682 mine
395 640 557 683 ortum
583 634 805 692 noverit,
823 634 924 682 sive
959 634 1110 697 possit
1152 633 1274 682 illud
1298 635 1537 697 probare,
1556 636 1659 683 sive

240 716 357 760 non,
394 711 581 765 partem
623 717 754 750 ream
791 712 908 749 ante
939 701 1105 749 omnia
1130 711 1333 750 secreto
1360 717 1660 778 praemonere

241 769 425 826 debet,
449 773 595 831 Juxta
645 767 834 845 Iegem
879 768 1255 830 evangelicam.
1320 769 1499 823 Quod
1512 769 1557 817 si
1601 784 1660 817 ea

239 836 454 885 noluerit
475 852 505 884 a
538 835 844 884 matrimonio
871 836 1124 899 desistere
1123 846 1216 884 aut
1240 808 1663 900 dispensationem

241 903 519 968 impetrare,
572 920 652 952 res
699 903 940 951 Parocho
969 903 1060 950 vel
1095 904 1355 967 Episcopo
1390 903 1663 952 revelanda

242 973 336 1020 erit
377 971 683 1019 cautionibus
729 979 922 1018 tamen
935 970 1162 1027 adhibitis
1204 981 1273 1019 ut
1304 972 1525 1019 revelans
1559 987 1663 1034 pro

242 1038 594 1087 calumniatore
617 1053 722 1086 11011
750 1038 1003 1094 habeatm,
1040 1038 1335 1116 nullumque
1350 1038 1464 1086 inde
1488 1053 1660 1099 sequa-

240 1116 319 1153 tur
342 1106 642 1154 scandalum.
697 1105 861 1159 Quod
875 1106 926 1152 31
943 1110 1064 1171 pais
1082 1105 1290 1153 criminis
1315 1113 1399 1153 rea
1419 1105 1489 1155 in
1496 1115 1660 1167 mente

243 1173 516 1237 Superioris
557 1172 756 1220 insamia
794 1182 1014 1230 notetur,
1063 1172 1115 1219 111
1150 1188 1262 1221 cum
1299 1172 1458 1220 vitare
1485 1171 1657 1235 possit,

241 1240 334 1288 sibi
373 1241 615 1303 imputare
657 1240 822 1287 debet.
892 1244 964 1288 At
1011 1256 1126 1286 vero
1168 1241 1207 1287 si
1251 1255 1315 1287 ex
1363 1239 1683 1288 revelatione·

240 1317 528 1370 sequeretur
552 1306 725 1354 tertiae.
743 1306 941 1354 alterius
967 1322 1191 1368 personae
1217 1306 1414 1352 infamia
1452 1307 1532 1368 vel
1555 1322 1664 1368 gras.

240 1374 487 1422 vissimum
524 1374 771 1431 damnum,
796 1390 906 1420 11011
950 1374 1098 1434 debet
1122 1373 1432 1421 'manifestari
1457 1373 1660 1436 impedi>

241 1451 493 1498 mentum;
524 1441 644 1504 ‘quia
684 1441 848 1504 Leges
888 1440 1237 1501 ecclesiasticae
1268 1450 1327 1488 -et
1371 1440 1546 1488 civiles·
1572 1441 1661 1488 sub

244 1518 382 1557 tanto
419 1509 597 1556 damno
635 1525 728 1556 non
771 1507 1006 1570 Obligant,
1043 1524 1137 1555 nec
1161 1508 1365 1555 ,animus
1391 1506 1663 1570 Legislat'o*

240 1590 348 1623 rum
375 1591 448 1623 est
473 1585 527 1622 ut
553 1575 693 1622 unius
719 1586 978 1638 peccatum
1000 1591 1091 1637 per
1117 1590 1266 1639 grave
1290 1574 1490 1623 alterius
1515 1574 1664 1623 detri-

243 1653 464 1690 mentum
489 1645 752 1690 avertatur.

302 1710 513 1768 Quaeres
537 1712 618 1755 4υο
660 1724 722 1755 311
770 1707 1062 1756 contrahens
1109 1707 1211 1778 ipse
1259 1707 1661 1771 impedimentum

215 1785 342 1841 lquo
368 1774 733 1838 constringitur,
771 1776 986 1822 revelare
1028 1768 1270 1832 teneatur,
1312 1775 1578 1838 praesertim
1621 1775 1661 1822 si

243 1843 367 1891 illud
389 1859 488 1890 non
513 1841 666 1906 possit
691 1842 813 1889 citra
837 1841 1082 1904 propriam
1105 1841 1391 1889 infamiam?
1698 1894 1702 1896 ,

311 1912 375 1958 R.
413 1926 524 1958 eum
563 1909 719 1957 teneri
755 1909 1158 1971 impedimentum
1185 1908 1330 1956 istud
1364 1908 1662 1957 revelareet

243 1976 378 2025 illius
403 1976 817 2041 dispensationem
847 1976 1122 2040 impetrare,
1158 1975 1247 2023 nisi
1289 1991 1344 2022 a.
1357 1973 1661 2036 matrimonio

245 2045 481 2093 desistere
504 2044 648 2100 velit.
1106 2070 1111 2073 »
1638 2081 1643 2085 ,

318 2113 510 2166 Quaeres
529 2114 604 2158 50·
642 2127 738 2173 quo
765 2120 992 2175 tempore
1008 2108 1113 2157 fieri
1136 2108 1316 2183 debeat
1341 2091 1659 2173 impedimen-

243 2188 406 2227 torum
444 2177 716 2226 revelatio?
1170 2203 1172 2205 >

314 2236 376 2294 R.
401 2245 736 2319 quamprimum
778 2243 880 2290 fieri
922 2253 1086 2306 potest
1129 2232 1397 2298 moraliter,
1428 2253 1482 2290 ut
1519 2243 1663 2290 aits.

249 2313 482 2362 Carolus:
519 2310 785 2374 praesertim
811 2326 923 2357 cum
960 2310 1123 2356 sictur
1154 2300 1518 2357 contrahentes
1520 2309 1662 2360 unius
1689 2328 1697 2333 ’

248 2380 324 2428 vel
362 2379 570 2442 duplicis
607 2377 769 2424 banni
794 2376 1204 2439 dispensationem
1248 2391 1354 2423 esse
1392 2375 1663 2439 petituros;

247 2447 359 2523 quia
394 2457 513 2493 tunc
552 2444 868 2508 periculosior
910 2453 983 2491 est
1016 2458 1165 2489 mora.
1234 2442 1366 2497 Dixi,
1404 2442 1659 2496 moraliter,

248 2514 361 2575 quia
383 2529 573 2576 aequum
601 2521 675 2559 est
699 2522 752 2558 ut
790 2510 871 2573 qui
915 2510 1133 2557 consilio
1158 2509 1395 2572 indigent,
1432 2509 1682 2573 sapientis

245 2579 580 2642 interrogandi
604 2589 802 2641 tempus
820 2578 1061 2625 habeant.

319 2648 512 2722 Quceres
539 2651 614 2695 60·
651 2661 712 2692 an
747 2645 1146 2708 impedimentum
1185 2624 1403 2690 revelare
1439 2651 1663 2691 teneatur

231 2713 333 2778 qui
372 2712 559 2769 noverit
607 2712 750 2759 trium
794 2713 1065 2759 bannorum
1106 2709 1529 2773 dispensationem
1557 2725 1664 2757 esse

248 2781 551 2843 impetratam
578 2789 662 2826 aut
687 2778 1056 2850 impetrandam,
1081 2777 1535 2842 matrimoniumque
1557 2776 1662 2823 sine

253 2850 351 2897 ulla
373 2845 765 2911 promulgatione
791 2861 897 2893 esse
933 2844 1362 2896 contrahendum?

319 2916 384 2964 R.
407 2929 531 2962 eum
586 2913 646 2961 ad
699 2912 1047 2970 revelationem
1103 2911 1315 2973 teneri,
1330 2926 1428 2960 non
1467 2878 1660 2973 quid-em

450 3004 454 3013 κ
1525 2980 1662 3037 jussu
