1846 3250
615 137 711 186 DE
750 116 1041 188 onom.
1463 142 1558 191 153

150 265 458 331 Praesbyteris
482 266 692 313 maxime
708 265 981 314 necessaria
1000 260 1096 321 est,
1120 260 1209 313 sed
1233 265 1385 313 multo
1409 266 1564 331 magis

148 345 348 399 propter
384 330 570 381 morum
607 335 910 397 gravitatem,
949 327 1217 381 doctrinam
1253 348 1312 381 ac
1350 334 1563 397 pruden-

150 403 283 461 tiam,
320 418 427 466 quae
449 402 498 448 in
523 401 579 449 iis
603 402 730 450 sicut
756 401 803 447 in
831 401 1040 467 Senibus
1067 401 1487 450 eluceredebent.

218 471 322 519 Usu
348 469 585 518 Ecclesiae
609 469 884 534 Prcesbyter
905 480 980 518 est
1004 482 1180 516 nomen
1206 468 1364 527 officii,
1425 470 1558 535 quod

149 537 205 586 iis
246 538 525 587 attribuitur
560 538 642 602 qui
666 537 715 585 in
752 538 977 587 Ecclesia
999 536 1341 601 praefecturam
1366 538 1563 589 habent.

151 606 232 654 Sic
257 606 305 654 in
333 606 606 671 Republica
631 606 949 671 Magistratus
986 616 1037 655 et
1078 605 1305 654 Praefecti
1330 623 1427 655 non
1451 624 1559 657 raro

153 674 380 724 Seniores
405 686 658 723 vocantur.

219 743 602 808 Praesbyteratus
643 752 778 791 recte
820 740 1047 791 definitur
1085 741 1220 789 Ordo
1265 758 1404 791 sacer
1450 739 1565 791 con-

150 811 313 859 ferens
336 822 629 876 potestatem
654 810 975 860 consecrandi
1001 825 1178 875 corpus
1203 820 1254 859 et
1275 811 1562 874 sanguinem

152 879 347 938 Christi,
383 880 534 943 ipsius
581 896 756 943 corpus
798 878 1046 937 offerendi,
1085 888 1134 927 et
1161 889 1368 943 peccata
1404 879 1564 928 dimit-

148 947 298 996 tendi·
369 949 574 996 Tantam
599 957 890 1013 potestatem
915 946 1027 995 huic
1053 947 1224 995 Ordini
1250 963 1356 996 esse
1380 963 1566 997 annex-

149 1031 224 1062 am
252 1027 442 1064 constat
468 1032 530 1064 ex
555 1015 611 1063 iis
636 1033 745 1080 quae
780 1016 911 1064 dicta
943 1025 1052 1064 sunt
1084 1014 1134 1062 in
1161 1015 1475 1064 Tractatibus
1502 1017 1564 1065 tle

153 1083 436 1132 Eucharisti
458 1100 487 1132 a
514 1095 562 1132 et
588 1083 898 1133 Paenitentia.
1308 1145 1311 1147 q

219 1154 294 1198 1⁰·
336 1153 540 1201 Constat
574 1168 634 1201 ac
658 1152 777 1200 Fide
815 1162 1005 1201 certum
1046 1161 1119 1202 est
1157 1168 1220 1200 ex
1245 1164 1390 1216 antea
1419 1152 1562 1203 dictis

149 1221 545 1284 praesbyteratum
583 1236 677 1269 non
719 1231 908 1269 tantum
943 1236 1049 1269 esse
1080 1220 1315 1269 Ordinem
1351 1237 1561 1279 sacrum,

148 1287 235 1335 sed
274 1290 418 1336 etiam
459 1305 625 1335 verum
672 1289 1058 1350 Sacramentum,
1129 1293 1464 1354 Quaecumque
1512 1290 1562 1337 in

148 1355 289 1418 huJus
314 1357 572 1403 Tractatus
597 1356 799 1403 exordio
825 1356 1092 1413 retulimus,
1133 1367 1185 1404 ut
1206 1367 1375 1404 contra
1403 1358 1562 1406 Nova·

150 1434 279 1471 tores
305 1424 639 1472 evincet-emus
665 1424 899 1471 Ordinem
923 1439 1057 1471 novae
1083 1424 1232 1487 Legis
1256 1440 1365 1473 esse
1392 1426 1565 1475 Sacra·

148 1502 383 1547 mentum,
405 1493 646 1555 praecipue
664 1496 889 1555 specta'nt
907 1492 967 1539 ad
989 1492 1398 1558 Praesbyteratum
1416 1511 1562 1558 prop-

150 1571 223 1606 ter
264 1576 409 1623 quem
446 1559 650 1607 instituti
687 1571 799 1607 sunt
836 1571 885 1607 et
920 1560 981 1607 ad
1006 1576 1147 1621 quem
1182 1561 1457 1609 referuntur
1481 1562 1560 1610 alii

151 1626 376 1675 Ordines.

216 1696 290 1742 2⁰·
327 1694 514 1743 Pariter
537 1704 727 1743 constat
770 1711 832 1743 ex
858 1694 914 1744 iis
940 1712 1052 1760 quae·
1071 1694 1293 1744 deximus
1316 1695 1364 1743 in
1398 1696 1555 1761 prima

146 1774 283 1824 parte
308 1762 449 1826 hujus
485 1763 759 1822 Tractatus,
795 1779 902 1826 cap.
927 1768 975 1810 4·
1011 1765 1384 1828 praesbyteratus
1410 1777 1562 1814 mate-

148 1830 265 1880 riam
312 1847 417 1879 esse
464 1832 613 1879 solam
662 1847 890 1879 manuum
937 1831 1311 1895 impositionem,
1358 1832 1562 1881 formam

147 1896 263 1946 vero
287 1899 552 1946 orationem
572 1898 688 1946 huie
703 1914 930 1945 manuum
955 1898 1249 1962 impositioni
1275 1915 1559 1964 correspon-

149 1966 361 2013 dentem.
433 1968 770 2029 Quaecumque
808 1965 935 2030 enim
970 1966 1017 2012 in
1043 1982 1101 2014 eo
1128 1967 1287 2031 capite
1313 1970 1560 2032 congessi·

150 2049 254 2080 mus
282 2033 342 2080 ad
366 2032 666 2096 probandum
702 2047 928 2081 manuum
970 2033 1326 2097 impositionem
1369 2048 1418 2084 et
1455 2038 1559 2101 qui-

149 2100 258 2148 dem
301 2102 449 2148 solam
489 2117 593 2148 esse
621 2100 1144 2150 Sacra1nentio1=dinis
1185 2104 1455 2163 materiam,
1493 2107 1556 2153 de

146 2170 497 2232 praesbyteratu
522 2168 785 2233 praesertim
827 2169 1031 2234 intelligi
1057 2170 1254 2230 debent,
1293 2183 1346 2221 ut
1370 2169 1558 2237 patebit

151 2253 207 2284 ea
233 2237 485 2299 relegenti.

214 2308 292 2351 30·
313 2306 723 2368 Praesbyterorum
741 2304 1016 2354 functiones
1032 2317 1144 2355 sunt
1176 2310 1249 2354 10·
1270 2309 1555 2358 Sacramen-

148 2381 250 2418 tum
293 2372 610 2421 Eucharistiae
651 2372 911 2431 conficere,
949 2373 1116 2422 Missae
1156 2375 1443 2425 sacrificium
1487 2379 1558 2425 of-

146 2439 265 2487 fere.
334 2442 412 2486 20·
450 2440 749 2489 Benedicere
791 2452 841 2489 et
881 2442 1096 2506 personis
1120 2445 1170 2491 et
1205 2445 1349 2492 rebus
1375 2461 1482 2508 quae
1505 2447 1556 2493 in

149 2521 311 2555 earum
336 2524 471 2556 usum
496 2508 710 2573 veniunt,
747 2524 835 2572 pro
874 2509 977 2558 aliis
1002 2526 1156 2559 orare.
1229 2514 1303 2560 30·
1339 2512 1556 2563 Praeesse

149 2590 234 2621 seu
259 2590 428 2638 regere
452 2577 541 2623 sub
567 2585 716 2625 manu
736 2574 968 2643 Episcopi
995 2578 1233 2642 Populum
1251 2585 1309 2628 ‘et
1335 2579 1554 2631 Clericos

146 2640 412 2691 inferiores.
482 2648 559 2690 4⁰·
581 2645 891 2701 -Praedicare;
933 2646 1025 2703 Qui
1041 2647 1160 2695 enim
1185 2647 1377 2707 Pastor,
1401 2649 1555 2712 inquit

152 2711 199 2756 S.
231 2708 551 2776 HIeronymus
575 2710 624 2759 in
647 2727 756 2777 cap.
780 2717 826 2760 4.
850 2714 914 2762 ad
939 2713 1065 2778 Eph.
1103 2715 1232 2764 dehet
1255 2733 1351 2766 esse
1369 2725 1412 2765 et
1440 2719 1554 2766 Ma-

142 2777 305 2841 gister,
351 2788 430 2827 nec
474 2780 522 2826 in
569 2779 785 2846 Ecclesiis
831 2782 1046 2846 Pastoris
1092 2799 1252 2833 nomen
1293 2785 1381 2833 sibi
1424 2785 1552 2834 debet

148 2861 377 2893 assumere
410 2846 513 2894 nisi:
522 2849 673 2909 possit
706 2850 867 2898 docere
899 2860 1010 2916 quos
1037 2851 1204 2916 pascit.
1272 2854 1355 2900 50·
1392 2853 1552 2914 Bapti-

147 2928 258 2961 zare
293 2923 342 2963 et
377 2913 469 2962 alia
496 2912 807 2967 Sacramenta
841 2927 1015 2982 praeter
1041 2918 1464 2968 Confirmationem
1501 2930 1552 2967 et

1346 2985 1551 3038 Ordina-
