1846 3250
612 131 716 180 DE
754 128 1255 182 MATRIMONIO.
1562 130 1659 179 461

221 286 278 316 ex
301 275 410 316 tunc
432 265 637 332 legitime
673 266 849 331 poterit
872 264 1012 315 alteri
1028 263 1259 329 copulari.
1351 262 1454 312 Hic
1490 273 1665 311 notan-

224 337 354 382 dum
379 346 451 382 est
487 350 728 381 summum
766 334 1057 381 Pontificem
1115 348 1334 381 asserere
1393 348 1446 379 se
1482 331 1530 378 in
1568 330 1663 379 hac

224 413 362 465 parte
387 411 751 449 antecessorum
777 418 971 449 suorum
1002 400 1219 463 vestigiis
1243 400 1483 448 insistere.

293 469 439 517 Proh.
476 471 556 515 20·
594 486 650 517 ex
690 469 898 517 Concilio
941 469 1075 516 Trid.
1111 484 1229 530 sess.
1256 465 1337 515 24.
1372 483 1479 515 can.
1515 468 1562 514 6.
1598 427 1662 514 de

223 535 559 584 Matrimonio.
646 537 701 585 Si
724 537 826 601 quis
850 536 1020 584 dixerit
1060 536 1406 592 matrimonium
1437 542 1592 583 ratum
1617 541 1666 581 et

222 621 312 653 non
337 612 696 652 consummatum
723 621 815 669 per
845 602 1086 664 solemnem
1127 602 1396 666 Religionis
1421 601 1665 679 Professi·

224 689 353 720 onem
379 671 571 719 alterius
591 672 835 734 conjugum
862 689 952 719 non
971 660 1147 726 dirimi,
1174 670 1422 726 anathema
1446 671 1524 718 sit

293 738 438 786 Prob.
476 741 553 785 30·
589 756 646 786 ex
681 756 767 786 usu
803 746 847 786 et
895 739 1037 803 proxi
1072 737 1309 786 Ecclesiae.
1404 727 1520 784 Dici
1563 737 1666 783 non

222 816 387 868 potest
413 806 688 854 Ecclesiam
715 822 824 868 quae
849 822 894 853 a⁴
924 805 1106 868 Spiritu
1150 806 1332 853 Sancto
1373 820 1666 868 permanen-

225 885 300 920 ter
324 872 566 936 dirigitur,
604 873 723 920 illud
765 873 994 920 dirimere
1020 873 1286 934 vinculum,
1323 872 1457 934 quod
1501 888 1566 919 ex
1609 886 1664 919 se

225 951 277 988 et
302 951 475 988 natura
516 957 602 989 sua
640 939 1113 1001 nullatenusd-irimi
1152 949 1355 1002 potest:
1394 938 1527 1001 atqui
1566 938 1668 995 Ec-

224 1008 375 1054 clesia
407 1024 435 1055 a
472 1008 721 1055 sexcentis
763 1017 814 1055 et
852 1006 1058 1069 amplius
1099 1006 1236 1053 annis
1275 1021 1363 1069 per
1388 1005 1668 1067 <professio-

221 1089 332 1121 nem
359 1074 634 1137 religiosam
660 1073 841 1122 dirimit
868 1072 1229 1121 matrimonium
1254 1079 1413 1120 r'atum
1447 1073 1536 1121 sed
1561 1089 1664 1121 non

218 1152 643 1190 consummatum

289 1208 459 1257 Proh.
476 1212 556 1256 40·
591 1223 647 1258 επ·
682 1200 946 1258 conditione
980 1197 1278 1257 matrimonio
1302 1209 1533 1274 apposita.
1588 1202 1665 1257 Ut

218 1276 579 1329 matrimonium
628 1277 855 1340 religiosa
897 1267 1208 1324 Professione
1247 1277 1480 1332 solvatur,
1530 1275 1661 1324 suffi-

223 1344 291 1392 cit
326 1345 460 1408 quod
494 1345 584 1392 sub
642 1344 736 1392 hac
793 1345 948 1391 solum
1011 1342 1293 1392 conditione
1341 1343 1663 1392 contrahatur

221 1427 251 1460 a
291 1411 566 1459 Fidelibus:
603 1410 828 1476 atquiex
867 1412 933 1459 D.
977 1401 1070 1459 Th.
1120 1410 1201 1457 hic
1244 1420 1418 1474 quaest.
1456 1415 1540 1459 61.
1569 1422 1662 1460 art.

223 1483 270 1528 2.
294 1477 355 1526 ad
383 1481 428 1526 2.
453 1480 795 1528 matrimonium
835 1480 985 1528 initur
1020 1475 1104 1527 sub
1141 1478 1229 1526 hac
1252 1475 1529 1535 conditione,
1567 1477 1664 1526 sal-

222 1556 323 1595 tem
371 1546 537 1603 tacita,
573 1548 613 1594 si
648 1546 837 1594 interea
871 1546 995 1594 alter
1037 1548 1331 1621 conjugum
1354 1542 1417 1593 ad
1465 1534 1664 1608 frugem

217 1613 431 1662 melioris
456 1614 566 1662 vitae
602 1630 699 1661 non
737 1614 994 1667 convolet;
1053 1614 1167 1674 quia
1215 1604 1440 1659 nimirum
1490 1617 1661 1674 conju-

218 1697 306 1744 ges
342 1698 439 1728 non
475 1680 773 1730 contrahunt
808 1680 898 1729 nisi
934 1680 1024 1729 sub
1062 1679 1281 1744 Legibus
1328 1679 1379 1727 in
1430 1679 1663 1729 Ecclesia

216 1748 398 1809 servari
422 1749 590 1796 solitis.

287 1815 524 1869 Quaedam
569 1815 664 1863 alia
720 1825 1011 1879 argumenta
1068 1814 1274 1879 proponi
1323 1816 1520 1871 solent;
1569 1813 1663 1863 sed

219 1899 331 1931 cum
368 1882 507 1931 nobis
542 1882 812 1931 inefficacia
848 1882 1122 1942 videantur,
1171 1884 1232 1931 ab
1280 1882 1338 1930 iis
1387 1881 1660 1931 referendis

217 1950 532 1999 abstinemus.

232 2058 237 2064 x
287 2017 584 2065 Addidimus
619 2013 668 2063 in
700 2014 1052 2082 propositione,
1090 2025 1135 2066 et
1169 2018 1353 2086 quidem
1380 2021 1501 2082 jure
1535 2018 1661 2066 divi·-

218 2102 295 2142 no,
333 2103 423 2134 non
460 2085 761 2135 ecclesiastico
794 2093 994 2144 tantum,
1031 2095 1086 2133 ut
1122 2083 1288 2149 placet
1330 2084 1662 2148 quibusdam;

218 2150 334 2215 quia
374 2153 658 2201 Alexander
715 2152 812 2201 111.
870 2168 979 2229 cap.
1032 2154 1079 2203 7.
1134 2151 1197 2200 de
1247 2153 1482 2200 Convers.
1529 2157 1660 2214 conj.

216 2219 435 2277 declarat
469 2220 597 2267 hanc
632 2219 923 2267 matrimonii
981 2220 1072 2268 rati
1133 2219 1502 2268 dissolutionem
1550 2219 1661 2268 fieri

213 2303 270 2335 ex
291 2289 419 2337 sacri
439 2286 610 2351 eloquii
632 2286 1036 2352 interpretatione.
1105 2281 1245 2334 Idem
1288 2287 1437 2352 habet
1483 2287 1657 2335 Innoc-

214 2353 311 2401 ΙΙΙ.
370 2355 579 2419 Insuper
635 2353 779 2416 hujus
851 2354 1221 2403 consuetudinis
1291 2349 1481 2401 initium
1557 2369 1660 2402 non

214 2420 423 2469 habetur
459 2422 507 2468 in
535 2426 650 2483 jure
687 2420 1042 2469 ecclesiastico.
1138 2419 1296 2485 Igitur
1349 2418 1453 2468 baec
1489 2419 1659 2484 praxis

212 2486 446 2536 fundatur
484 2487 789 2536 institutione
817 2487 998 2544 Christi
1038 2469 1126 2553 per
1164 2487 1498 2536 Traditionem
1546 2502 1659 2552 per-

211 2566 411 2620 petuam
430 2555 571 2603 nobis
597 2555 812 2620 cognita.

595 2669 598 2671 Δ
624 2688 878 2740 Solvuntur
915 2689 1219 2755 Objeciiones.

288 2822 391 2885 Obj·
421 2826 497 2871 10·
533 2801 667 2871 Nihil
691 2822 740 2869 in
779 2822 1060 2888 scripturis,
1100 2804 1261 2889 neque
1287 2823 1336 2870 in
1363 2822 1649 2874 *traditione

208 2890 450 2955 reperitur
474 2890 604 2940 unde
630 2890 794 2956 colligi
822 2891 974 2955 possit
1016 2892 1374 2961 matrimonium
1402 2907 1499 2936 non
1526 2906 1645 2939 con-

1350 2963 1646 3006 summatum
