1846 3250
470 143 566 199 DE
606 144 1101 199 MATRIMONIO.
1422 151 1518 197 351:
1580 197 1586 203 ,

95 302 202 349 quae
260 285 309 333 in
366 285 531 350 libello
567 281 775 349 supplici
811 282 1044 348 expositae
1069 291 1198 341 sunt,
1235 297 1362 331 verae
1408 281 1522 329 sint.—

99 355 173 402 Ea
208 363 370 402 autem
397 351 684 415 disquisitio,
721 351 761 398 si
797 351 957 415 agitur
982 351 1044 399 de
1079 350 1520 414 dispensationibus

99 438 128 469 a
157 419 518 469 Poenitentiaria
552 418 815 475 concessis,
852 418 953 466 fieri
981 418 1131 466 debet
1164 427 1357 466 secreto
1389 427 1440 466 et
1474 417 1522 464 in

99 486 557 541 soroPoenitentiae,
586 485 784 549 publice
809 502 923 533 vero
950 497 998 533 et
1016 485 1228 548 juridice
1254 486 1336 532 ubi
1362 484 1526 547 agitur

101 557 164 604 de
196 554 637 619 dispensationibus
662 569 690 600 a
716 554 919 601 Dataria
956 552 1219 602 concessis.
1280 558 1345 602 3⁰⁹
1373 552 1423 600 Si
1448 552 1525 600 vel

102 622 440 673 Confessarius
492 621 569 669 vel
608 620 860 676 officialis,
895 620 1203 682 inquisitione
1238 619 1387 677 facta,
1442 619 1527 668 de,

98 690 415 755 prehenderit
449 687 784 752 subreptitiam
821 697 905 736 aut
941 688 1252 751 obreptitiam
1288 704 1396 736 esse
1421 704 1533 752 pos,

103 758 406 812 tulationem‚
442 773 529 804 seu
572 772 741 804 causas
767 755 1037 819 <expositas
1072 771 1170 803 non
1218 771 1325 804 esse
1370 771 1530 814 veraS,

107 825 258 874 debet
281 842 311 874 a
336 823 560 873 Mandati
601 823 837 887 pontificii
862 823 1200 872 fulminatione
1224 839 1312 871 seu
1346 836 1531 872 execui

106 894 240 942 tione
274 908 469 956 prorsus
505 892 765 939 abstinere.
836 894 900 940 4⁰⁹
940 890 1342 956 Dispensationes
1371 907 1401 938 a
1428 891 1532 953 Πᾶς

107 961 229 1009 taria
254 976 517 1014 concessae,
552 969 606 1006 ut
638 959 830 1023 plenam
867 958 1131 1005 sortiantur
1166 957 1535 1014 executionem,

109 1027 432 1076 Officialitatis
458 1025 665 1089 registro
694 1035 807 1073 sunt
842 1024 1180 1076 inscribendae.
1249 1028 1316 1072 5⁰·
1356 1024 1407 1072 Si
1434 1026 1534 1073 Re-

103 1095 339 1159 scriptum
376 1092 745 1156 dispensationis
780 1093 828 1138 in
874 1092 1241 1140 Poenitentiaria
1275 1093 1535 1156 postulatae

98 1161 393 1225 judicaverit
432 1160 767 1212 Confessarius
804 1160 1084 1208 executioni
1124 1160 1534 1216 demandandum,

109 1241 217 1293 post
242 1230 402 1279 datam
438 1229 487 1274 in
512 1228 668 1289 forma
699 1227 843 1282 solita
867 1227 1220 1285 absolutionem
1258 1243 1286 1275 a
1319 1229 1537 1283 censuris

112 1296 415 1361 etspeccatis,
456 1295 676 1343 Gratiam
701 1295 1019 1357 apostolicam
1045 1301 1321 1359 exequatur
1355 1295 1429 1343 his
1454 1307 1540 1343 aut

113 1365 348 1414 similibus
379 1363 555 1418 verbis,
594 1373 796 1417 mutam,
835 1373 887 1410 ut
932 1362 1049 1410 satis
1095 1363 1400 1426 intelligitur,
1454 1372 1541 1422 no?

115 1433 245 1480 mine
269 1429 631 1493 impedimen-ti:
670 1431 742 1478 Et
767 1431 957 1492 insuper
989 1431 1267 1479 auctoritate
1290 1429 1541 1495 apostolica

99 1500 230 1552 ‚mihi
251 1498 515 1575 specialiter
538 1497 751 1562 delegata
787 1497 1002 1561 dispenso
1037 1505 1185 1549 tecum
1226 1510 1365 1562 super
1402 1499 1543 1561 impe-

115 1568 316 1615 dimento
335 1566 480 1630 primi
502 1563 574 1613 vel
593 1565 781 1616 secundi
814 1564 1059 1630 qffinitatis
1075 1565 1264 1629 gradus
1298 1574 1354 1613 ex
1376 1564 1542 1627 copula

116 1633 280 1682 illicita
304 1652 333 1682 a
358 1641 404 1680 te
425 1631 581 1680 habita
606 1649 706 1683 cum
743 1647 902 1679 sorore
934 1624 1155 1686 mulieris,
1194 1648 1294 1679 cum
1318 1648 1415 1694 qua
1438 1648 1547 1680 συη-

64 1753 72 1760 ,
116 1699 537 1752 trahereirztendz's,
572 1698 883 1775 proveniente,
912 1706 971 1748 ut
994 1700 1194 1763 praefizto
1217 1699 1545 1761 impedimento

118 1786 211 1819 reon
237 1767 443 1816 obstante
466 1766 810 1818 matrimonium
837 1782 938 1813 eum
962 1766 1094 1813 dicta
1124 1766 1330 1822 muliere,
1363 1765 1546 1831 publice

117 1843 303 1884 servata
352 1833 547 1882 Concilii
590 1832 858 1880 Tridentini
872 1833 1058 1895 firma,
1101 1833 1389 1889 contrahere,
1441 1850 1547 1881 con-

119 1918 361 1961 summare,
397 1909 442 1951 et
469 1916 527 1946 ecc
548 1916 603 1946 eo
637 1900 931 1955 matrimonio
947 1898 1128 1960 prolem
1160 1899 1413 1968 legitimam
1447 1916 1548 1951 sus.-

121 1970 271 2033 cipere
293 1968 456 2033 possis.
526 1967 586 2014 In
613 1967 796 2014 nomine
820 1966 1001 2022 Patris,
1026 1965 1107 2025 ὅγε.
1128 1967 1305 2015 Passio
1314 1966 1545 2042 Domini,

120 2037 201 2097 ἔξω.
228 2046 278 2082 ut
304 2044 416 2098 post
439 2033 584 2081 finem
610 2043 859 2081 consuetae
884 2033 1243 2081 Confessionis.

190 2103 335 2156 Quod
361 2101 428 2148 si
442 2098 738 2164 dispensatio
780 2099 1114 2157 concedatur
1119 2118 1206 2165 pro
1244 2101 1552 2152 matrimonio

114 2175 212 2232 jam
250 2179 521 2228 contracto,
559 2168 714 2214 forma
749 2167 854 2215 haec
897 2168 1016 2218 erit:
1054 2170 1124 2216 Et
1155 2170 1346 2231 insuper
1350 2205 1452 2220 ......
1458 2171 1553 2219 dis-

117 2253 263 2303 penso
296 2245 438 2305 tecum
475 2252 616 2300 super
638 2235 960 2299 impedimento
986 2235 1137 2300 primi
1171 2238 1415 2300 qffi'nttatis
1433 2256 1551 2304 gra-

121 2307 210 2356 dus
255 2322 312 2351 ex
343 2320 426 2367 cop
429 2302 505 2351 ula
544 2301 708 2354 illicita
743 2319 871 2365 cum
891 2319 1051 2354 sorore
1094 2310 1260 2368 putata
1299 2313 1401 2352 tuoe
1445 2323 1553 2354 con-

106 2373 247 2438 jugis
269 2369 443 2424 habita,
481 2378 551 2418 ut
563 2369 643 2417 illo
679 2385 774 2424 non
811 2369 1032 2426 obstante,
1058 2374 1291 2419 renovato
1332 2388 1554 2421 consensu

123 2457 224 2490 cum
261 2441 464 2503 praefata
488 2440 681 2501 conjuye
712 2438 1057 2492 matrimonium
1093 2456 1194 2486 cum
1230 2438 1333 2493 illa,
1367 2449 1554 2498 servata

127 2505 305 2559 Concil-
336 2505 547 2553 ilrident·
561 2508 750 2565 forma,
787 2505 1076 2558 contrahet-‚e
1111 2522 1427 2556 consummare
1444 2523 1553 2572 pos-

125 2573 207 2629 sis,
244 2580 288 2620 et
327 2573 483 2623 eadem
508 2572 789 2620 auctoritate
811 2571 1065 2633 apostolica
1095 2572 1290 2638 prolem,
1327 2574 1370 2620 si
1410 2591 1551 2639 quam

125 2639 360 2704 suscepisti
383 2646 427 2686 et
450 2639 711 2702 susceperis,
748 2637 1002 2703 legitimam
1016 2642 1139 2705 sore
1161 2641 1371 2688 discerno
1405 2650 1450 2693 et
1473 2643 1552 2710 de

126 2704 271 2756 claro'
341 2706 402 2757 In
426 2705 607 2755 nomine
631 2706 815 2760 Petris,
856 2705 939 2765 ἅτ.
984 2731 989 2736 ·

198 2772 410 2822 Difficile
443 2788 540 2820 non
582 2771 676 2820 erit
709 2773 864 2820 varios
903 2773 1029 2823 alios
1058 2785 1198 2822 casus
1239 2773 1296 2821 iis
1333 2773 1554 2823 formulis

130 2851 214 2888 aut
238 2838 473 2886 similibus
496 2840 910 2889 accommodare

202 2907 395 2965 Quaeres
435 2905 505 2952 1⁰
542 2906 665 2970 quid
690 2911 839 2969 juxta
876 2918 1172 2972 praesentem
1193 2870 1428 2958 Ecclesiae
1463 2907 1558 2955 dis

738 2974 790 3021 H
816 2975 848 3021 h
1333 2974 1557 3038 ciplinam
