1846 3250
604 184 701 233 DE
740 175 1038 233 ORDINE.¹
1470 189 1533 235 45

123 321 433 392 impositione,'
459 324 543 371 sed
572 320 874 388 supplendum
915 338 1011 369 esse
1047 322 1171 387 quod
1181 310 1415 383 ‘omissum
1457 332 1539 371 est.

127 393 282 442 Addit
331 392 539 455 Gregor.
586 390 676 437 IX.
735 388 1089 452 impositionem
1151 397 1376 439 manuum
1417 407 1540 439 ⁴esse

130 463 296 510 Ritum
323 462 382 508 ab
400 458 661 523 ‘Apostolis
702 456 1056 509 introductum.
1128 456 1283 521 Atq'ui
1315 470 1478 508 tamen
1503 460 1543 508 si

128 528 370 593 impositio
431 542 659 575 manuum
708 525 975 574 essentialis
1023 537 1151 588 esset
1212 527 1544 590 Ordinationis

127 596 331 646 materia
376 595 596 645 iteranda
642 594 770 641 foret
808 604 911 642 tota
960 594 1215 642 Ordinatio
1261 595 1394 644 facta
1442 597 1546 645 sine
1585 594 1587 596 ’

132 678 190 715 ea
239 681 407 713 manus
460 662 784 728 impositione,
839 678 931 711 nec
979 663 1061 711 illa
1123 664 1251 711 foret
1296 664 1438 713 Ritus
1485 668 1548 713 ab

132 734 358 782 Ecclesia
395 733 719 791 introductus,
756 730 844 779 sed
905 731 1047 779 Ritus
1101 747 1130 779 a
1173 731 1368 780 Christo
1416 735 1548 782 insti*

130 814 280 851 tutus.

204 872 266 919 R.
302 873 367 919 ad
394 874 434 918 1.
460 881 562 936 neg.
586 869 695 917 min.
737 867 787 916 Si
814 867 938 916 enim
960 867 1007 915 in
1029 867 1349 918 Ordinatione
1374 871 1554 933 aliquid

138 938 381 989 essentiali
407 939 553 986 fuerit
579 936 821 994 omissum,
872 954 915 983 v.
954 955 1002 1001 g.
1039 949 1265 985 manuum
1291 938 1553 1003 impositio,

138 1019 308 1057 revera
332 1006 506 1055 sufficit
532 1005 759 1069 supplere
782 1005 830 1053 id
853 1007 982 1069 quod
1010 1005 1236 1054 omissum
1264 1017 1352 1065 est,
1393 1019 1443 1056 ut
1469 1025 1555 1056 vo-

135 1079 241 1125 lunt
282 1073 470 1139 praefati
510 1073 789 1129 Pontifices,
849 1090 945 1122 nec
991 1090 1245 1122 necessum
1285 1086 1359 1124 est
1399 1086 1555 1124 totam

141 1144 507 1192 ordinationem
550 1141 743 1198 iterare,
780 1142 855 1189 vel
893 1142 1216 1191 accidentalia
1240 1142 1334 1192 rite
1355 1157 1558 1208 peracta

140 1224 380 1276 repetere.
457 1210 538 1259 Sic
561 1210 608 1256 in
640 1209 887 1274 Baptismo
908 1211 1115 1259 invalide
1142 1212 1321 1261 collato
1347 1229 1441 1260 non
1468 1213 1558 1262 ite-

142 1292 309 1329 rantur
336 1278 628 1337 Exorcismi,
666 1278 752 1326 sed
780 1279 1053 1327 essentialia
1080 1288 1285 1328 tantum.

215 1351 306 1397 Ad.
332 1353 378 1396 (Ζ.
428 1347 604 1395 Manus
647 1346 886 1410 impositio
922 1347 1013 1395 fuit
1041 1348 1184 1395 Ritus
1220 1350 1280 1396 ab
1308 1348 1560 1412 Apostolis
1594 1348 1596 1350 ’

144 1417 467 1470 introductus,
506 1431 563 1462 eo
580 1431 722 1462 sensu
740 1416 868 1478 quod
897 1416 1032 1479 primi
1056 1416 1116 1462 de
1133 1416 1360 1464 mandato
1383 1418 1564 1465 Christi

145 1486 277 1532 illum
307 1482 640 1545 usurpaverint
666 1483 711 1529 in
740 1482 1155 1540 Ordinationibus,
1192 1500 1287 1531 non
1314 1496 1475 1533 autem
1502 1503 1563 1534 eo

147 1569 288 1602 sensu
317 1552 446 1615 quod
471 1550 602 1598 illum
631 1550 940 1598 instituerint.

218 1621 320 1685 obj.
350 1625 427 1667 80·
468 1618 676 1679 Materia
700 1618 997 1682 singulorum
1028 1620 1450 1669 Sacramentorum
1479 1623 1570 1670 de-

149 1692 232 1737 bet
256 1689 346 1736 illis
374 1704 477 1735 esse
505 1687 714 1751 propria,
757 1688 1093 1751 specialesque
1131 1689 1319 1737 illorum
1359 1690 1586 1739 effectus

150 1757 439 1821 designare:
475 1755 605 1817 atqui
644 1771 810 1803 manus
847 1755 1087 1820 impositio
1116 1756 1444 1807 Ordinationis
1482 1761 1568 1807 Sa-

151 1836 399 1874 cramento
435 1840 529 1871 non
568 1835 640 1870 est
687 1824 896 1887 propria,
935 1840 1026 1870 nec
1056 1825 1318 1886 specialem
1343 1826 1469 1874 illius
1496 1828 1576 1876 ef·-

151 1896 336 1943 fectum
361 1891 678 1947 dete1·minat3‘
706 1909 815 1938 cum
853 1893 915 1938 sit
941 1893 1307 1940 Confirmationi
1352 1910 1569 1943 commu-

155 1963 242 2017 nis,
283 1960 641 2021 Haereticisque
663 1959 1031 2007 reconciliandis
1057 1960 1298 2009 inserviat.

227 2032 284 2077 It.
313 2047 356 2076 n.
382 2032 487 2094 mqj.
529 2028 699 2075 Forma
725 2027 915 2089 quidem
943 2027 1239 2091 singulorum
1266 2026 1598 2079 sacramen-s

158 2109 314 2144 torum
355 2096 557 2144 effectus
595 2096 831 2159 speciales
874 2095 1129 2159 designare
1166 2097 1330 2152 debet,
1368 2100 1579 2147 materia

161 2182 273 2212 vero
299 2177 370 2212 est
398 2163 513 2227 quid
537 2163 584 2209 in
611 2164 816 2211 essentia
841 2164 1261 2213 Sacramentorum
1279 2168 1571 2230 generalius.

161 2234 294 2281 Hinc
327 2233 496 2281 eadem
539 2232 737 2280 materia
775 2232 1027 2296 multiplici
1058 2234 1372 2282 Sacramento
1408 2247 1574 2299 potest

161 2318 265 2349 esse
291 2300 572 2348 communis.
645 2300 724 2348 Sic
755 2301 945 2354 Umatia,
975 2305 1121 2363 Juxta
1161 2304 1334 2350 multos
1361 2303 1576 2352 Theolo-

139 2387 264 2431 ρος,
302 2380 375 2417 est
421 2367 621 2416 materia
669 2369 965 2417 Sacramenti
1010 2369 1258 2418 Extremae
1300 2372 1577 2430 Unctionis,

163 2438 302 2485 simul
330 2447 379 2485 et
405 2436 811 2486 confirmationis.

236 2508 423 2560 (ξηανγες
448 2521 666 2568 quaenam
694 2519 920 2553 manuum
960 2505 1200 2570 impositio
1243 2506 1304 2554 sit
1331 2507 1578 2557 Ordinati-

167 2574 243 2619 oni
270 2572 534 2622 essentialis
558 2574 573 2620 ?

198 2690 201 2694 ,
238 2643 298 2689 Η.
329 2644 403 2686 10.
442 2641 610 2706 procul
638 2656 745 2688 esse
772 2640 1078 2703 rejiciendam
1102 2642 1375 2707 opinionem
1407 2662 1578 2695 eorum

173 2708 248 2769 qui
286 2723 455 2757 manus
491 2708 845 2772 impositionem
890 2710 1197 2759 confundunt
1236 2729 1345 2760 cum
1385 2714 1579 2762 actione

169 2787 337 2823 manus
376 2775 694 2824 instrumenta
733 2778 1039 2842 porrigentis,
1098 2782 1172 2826 10.
1220 2781 1332 2844 quia
1373 2782 1582 2830 Veteres

173 2860 259 2905 per
284 2842 411 2890 illam
438 2859 604 2891 manus
645 2843 999 2909 impositionem
1048 2846 1397 2898 intellexerunt
1422 2851 1581 2897 adum-

175 2911 426 2958 brationem
484 2913 818 2977 expansionem,
878 2915 1178 2964 extensionem
1227 2933 1373 2983 super
1424 2918 1585 2980 capita.

176 2976 611 3028 confirmandorum
637 2981 709 3029 vel
733 2980 1130 3032 ordinandorum.
1198 2985 1278 3033 2⁰.
1317 2983 1445 3047 Quia
1471 2984 1584 3032 ridi-²

1421 3053 1583 3103 culum
