1846 3250
621 208 718 256 DE
736 208 1280 269 {MATRIMONIQ
1561 195 1661 259 2'95

219 333 353 384 vilis:
391 332 525 397 atqui
575 332 885 397 Principibus
927 335 1161 399 denegari
1219 352 1316 384 non
1363 343 1527 400 potest
1565 339 1649 397 Jus

221 416 380 453 certas
405 402 710 451 conditiones
748 404 1081 452 contractibus
1108 403 1331 452 civilibus
1370 403 1648 467 apponendi

220 480 271 521 et
327 469 678 534 impedimenta
736 470 1085 528 constituendi,
1151 471 1327 536 quibus
1363 470 1518 519 illiciti
1566 472 1645 519 vel

221 536 366 587 etiam
401 537 598 585 invalidi
658 538 768 586 sint.
807 537 889 589 Sic
939 538 1177 601 quotidie,
1205 540 1371 603 Reges
1419 548 1648 588 contrac-

215 606 344 654 tibus
392 605 701 663 venditionis,
739 605 1014 669 emptionis,
1064 606 1337 664 locationiS‚
1376 617 1524 671 prout
1566 622 1648 655 so·

224 672 417 751 cietatis
442 674 624 724 bonum
651 672 823 738 exigit,
861 673 1174 729 conditiones
1217 673 1464 725 irritantes
1490 690 1644 740 appo-

219 752 377 790 nunt.

285 811 367 857 20.
404 808 594 858 Eadem
635 808 861 873 profecto
902 779 1197 874 potestatem
1244 809 1295 857 in
1332 820 1644 860 contractum

215 875 507 926 matrimonii
543 877 735 925 civilem
770 877 953 926 habent
980 878 1249 942 Principes,
1285 894 1429 940 quarn
1463 880 1643 928 Eccle-

213 945 285 994 sia
308 945 356 991 in
394 955 701 994 contractum
736 945 1052 1009 religiosum:
1088 945 1224 1010 atqui
1261 962 1327 994 ex
1366 947 1513 994 modo
1538 946 1643 995 dic-

216 1013 277 1061 tis
304 1012 531 1060 Ecclesia
563 1022 725 1076 potest
767 1022 984 1062 statuere
1019 1014 1373 1078 impedimenta
1415 1024 1644 1063 contrac-

213 1090 318 1128 tum
343 1079 623 1144 religiosum
649 1096 708 1129 ac
743 1080 947 1145 prionde
976 1082 1348 1131 Sacramentum
1372 1080 1644 1142 irritantia;

214 1163 349 1211 ergo,
387 1152 478 1197 &c.

228 1263 231 1264 γ
284 1219 365 1263 30·
389 1218 511 1266 Jure
549 1215 746 1281 proprio
789 1233 848 1266 ac
885 1217 1052 1266 innato
1077 1228 1282 1283 possunt
1307 1216 1561 1284 Principes
1586 1217 1641 1267 id

215 1284 347 1348 quod
372 1284 530 1333 tendit
561 1285 610 1343 in
636 1301 895 1334 commune
936 1285 1242 1349 Reipublicae
1284 1288 1485 1343 bonum,
1522 1303 1640 1345 cum,

212 1352 348 1415 regia
389 1361 606 1417 potestas
647 1353 710 1400 ad
748 1354 843 1406 hoc
886 1355 1154 1417 praesertim
1194 1353 1417 1403 instituta
1462 1353 1644 1412 fuerit3

214 1420 347 1482 atqui
389 1420 603 1484 postulat
647 1437 906 1472 commune
934 1421 1243 1485 Reipublicae
1285 1423 1467 1470 bonum
1508 1432 1562 1470 ut
1609 1438 1642 1471 a

214 1487 523 1552 Principibus
548 1499 790 1552 ponantur
825 1489 1089 1553 aliquando
1116 1489 1449 1539 contractibus
1475 1489 1640 1539 matri-

214 1555 362 1604 monii
388 1556 611 1605 civilibus
638 1557 832 1612 obices;
871 1573 1007 1620 ergo,
1044 1562 1142 1606 ὅτε.

221 1672 227 1678 ,
278 1626 355 1671 40·
394 1626 599 1674 Constat
623 1623 878 1688 Principes
902 1641 990 1673 sua
1015 1634 1259 1703 potestate
1286 1610 1488 1674 diversis
1514 1636 1640 1675 tem-

208 1691 408 1754 poribus
456 1708 569 1740 usus
601 1708 707 1740 esse
744 1691 797 1738 in
844 1692 1059 1741 ferendis
1102 1693 1234 1741 circa
1276 1693 1641 1743 matrimonium

208 1759 428 1823 Legibus
452 1775 512 1807 ac
554 1759 825 1808 statuendis
860 1760 1223 1824 impedimentis
1249 1761 1423 1824 quibus
1447 1762 1639 1810 irritum

209 1826 365 1875 fieret.
434 1827 492 1874 In
541 1844 600 1875 eo
650 1827 965 1877 consentiunt
1012 1845 1198 1885 omueS,
1235 1830 1384 1892 idque
1433 1830 1638 1878 demon-

209 1896 376 1946 stravit
404 1894 567 1942 multis
603 1895 843 1959 exemplis
871 1895 1140 1945 Gerbesius
1175 1896 1225 1942 in
1253 1897 1419 1974 Opere
1445 1897 1507 1945 de
1550 1914 1638 1962 po-

210 1972 388 2011 testate
436 1962 572 2024 regia
612 1962 662 2009 in
712 1962 1028 2012 Subditorum
1079 1964 1399 2012 matrimonia.
1488 1966 1637 2014 Hanc

210 2041 374 2078 autem
401 2039 695 2092 potestatem
719 2031 884 2094 Reges
910 2048 1184 2095 usurpasse,
1224 2032 1314 2079 nisi
1337 2032 1398 2080 sit
1422 2032 1470 2079 in
1498 2033 1639 2080 Prin-

213 2097 345 2159 cipes
384 2097 656 2158 injuriosus,
699 2114 842 2146 nemo
885 2109 1048 2164 potest
1091 2116 1326 2158 asseiere,
1363 2101 1637 2164 praesertim

211 2180 322 2212 curn
362 2165 589 2213 Ecclesia
635 2182 876 2228 nunquam
921 2167 1279 2232 reclamaveiit‚
1315 2184 1408 2217 nec
1448 2169 1510 2225 de
1554 2169 1638 2217 illa

210 2232 525 2295 usurpatione
551 2233 1016 2297 conquesta1fuerit3
1051 2235 1148 2282 imo
1173 2235 1335 2299 potius
1360 2236 1474 2284 istas
1496 2236 1637 2284 Prin-

207 2299 370 2363 cipum
397 2300 560 2363 Leges
601 2301 919 2365 postulaverit
943 2314 993 2351 et
1029 2303 1289 2366 saepissime
1316 2306 1633 2353 commenda·

206 2367 344 2416 verit.
415 2367 524 2416 Nec
562 2368 706 2417 etiam
735 2368 831 2417 dici
855 2380 1019 2447 potest
1045 2368 1299 2435 Principes
1325 2388 1432 2419 earn
1470 2382 1635 2435 potes*

207 2445 357 2486 tatem
382 2435 442 2483 ab
467 2435 690 2484 Ecclesia
714 2438 981 2500 accepisse,
1009 2449 1061 2487 ut
1087 2440 1257 2487 volunt
1276 2439 1356 2486 alii
1383 2440 1635 2497 nonnulli;

208 2511 311 2549 turn
352 2501 464 2567 quia
506 2520 598 2552 nec
640 2515 833 2568 tempus
875 2522 973 2569 quo
1007 2523 1295 2554 concessum
1325 2506 1635 2571 Principibus

204 2568 354 2618 fuerit
379 2569 507 2618 istud
531 2571 854 2649 privilegium,
882 2589 974 2622 nec
1001 2574 1277 2623 Concilium
1304 2591 1331 2621 a
1355 2591 1450 2637 quo
1475 2575 1636 2623 indul-

152 2651 163 2659 ⁴
210 2647 313 2687 tum
339 2637 418 2697 sit,
456 2637 686 2715 assi-gnati
709 2650 940 2703 possunt;
977 2651 1079 2689 tum
1103 2643 1215 2705 quia
1233 2641 1282 2688 in
1309 2644 1455 2691 rebus
1481 2643 1637 2691 civili·

206 2705 297 2765 bus
335 2706 651 2765 concessione
689 2708 1026 2757 ecclesiastica
1063 2725 1159 2756 non
1195 2709 1417 2773 indigent
1446 2711 1636 2759 Princi-

207 2789 310 2836 pes.
380 2773 536 2836 Igitur
568 2779 679 2837 jure
724 2776 920 2839 proprio
955 2793 1014 2825 ac
1050 2777 1139 2826 sibi
1177 2777 1343 2826 innato
1380 2778 1633 2840 Principes

210 2839 291 2887 illa
311 2850 555 2902 potestate
585 2842 916 2920 perfruuntur
1218 2875 1221 2877 >
1617 2877 1623 2885 -<

279 2907 399 2954 Dixi
436 2908 483 2955 in
509 2910 858 2972 propositione,
898 2913 1146 2978 Principes
1184 2913 1276 2968 ‚sive
1308 2910 1516 2975 irffideles
1539 2913 1635 2972 sive

207 2975 468 3035 christiani,
512 2987 580 3026 ut
622 2978 906 3027 refellantur
954 2980 1171 3029 nonnulli
1209 2980 1289 3043 qui
1327 2978 1637 3029 contendunt

212 3068 215 3073 ·
828 3047 866 3095 C
890 3061 917 3094 c
943 3050 971 3094 3
1384 3046 1638 3112 Principes
