1846 3250
575 175 579 177 ·
655 175 757 225 -DE
795 157 1087 224 ORDINE.
1495 177 1583 227 171

204 322 207 323 ’
243 315 322 360 3⁰·
348 312 447 360 Hic
476 327 621 359 unum
666 311 767 358 vult
794 311 1159 359 Ambrosiaster
1194 310 1431 376 prioribus
1469 319 1591 357 tem-

177 381 385 443 poribus·
420 378 604 427 licitum
652 378 800 426 fuisse
854 379 1101 435 Diaconis,
1146 379 1207 427 de
1256 380 1429 443 quibus
1475 378 1590 425 Solis

175 448 402 511 loquitur,
439 446 703 511 baptizare,
730 447 1083 510 evangelizare,
1124 447 1398 510 Scripturas
1423 447 1592 511 expla-

176 531 307 572 nare,
344 516 546 579 haecque
572 514 728 562 officia
768 530 995 578 supremo
1035 515 1209 562 ordini
1252 532 1348 562 non
1389 531 1495 563 esse
1519 515 1590 562 sic

174 585 448 631 necessario
474 584 614 631 affixa
634 593 684 630 ut
707 583 940 630 Diaconis
965 592 1247 645 competere
1264 600 1359 630 non
1378 584 1558 647 possint
1580 603 1592 637 ;

174 667 320 700 cursu
366 666 481 698 vero
529 652 761 714 temporis
806 652 989 699 factum
1040 666 1145 698 esse
1187 662 1239 698 ut
1281 651 1387 699 haec
1435 651 1593 699 officia

173 719 431 783 'Episcopis
478 729 855 768 reservarentur.
926 720 1050 767 Haec
1084 720 1255 769 *omnia
1301 735 1415 767 vera
1460 731 1591 767 sunt.

178 787 276 835 Sed
301 804 395 835 non
433 786 545 836 inde
570 788 981 849 sequituromnia
1018 802 1214 849 prorsus
1257 786 1413 835 officia
1443 788 1592 836 fuisse

174 856 464 910 communia,
487 856 916 921 Praesbyterosque
936 872 994 904 ac
1015 856 1265 903 Diaconos
1288 855 1417 918 ipsos
1435 856 1597 903 omnia

173 924 390 986 potuisse
435 941 548 987 quae
594 935 819 987 poterant
862 924 1110 989 Episcopi,
1149 939 1259 971 cum
1308 933 1496 971 certum
1532 924 1596 972 sit

175 991 331 1038 officia
355 992 573 1055 quaedam
594 992 782 1049 altiora,
820 1011 864 1041 v.
884 1010 931 1055 g.
956 992 1227 1048 ordinandi,
1255 992 1594 1047 confirmandi,

175 1060 424 1107 Ecclesias
472 1059 696 1123 primario
739 1061 960 1126 regendi,
1018 1076 1082 1108 ex
1125 1060 1288 1108 divino
1322 1065 1433 1123 jure
1470 1060 1604 1108 solis·

178 1127 435 1191 Episcopis
460 1137 758 1191 competere.

244 1195 365 1243 Inst.
415 1199 491 1243 10·
540 1195 848 1259 Praesbyterz'‚
907 1196 1062 1261 inquit
1109 1196 1249 1244 idem·
1288 1197 1495 1253 Auctor,
1543 1198 1597 1244 in

180 1262 400 1326 AEyypto
422 1266 717 1325 consiynaut,
746 1282 852 1313 cum
867 1281 1084 1328 praesens
1108 1282 1204 1313 33033
1227 1273 1294 1313 est
1308 1264 1595 1329 Episcopus.

185 1332 318 1394 Ergo
338 1346 401 1378 ex
427 1330 518 1379 hac
543 1342 678 1395 parte
703 1333 871 1381 saltem
893 1343 1002 1381 sunt
1024 1333 1279 1397 Episcopis
1304 1331 1530 1396 aequales.

246 1401 309 1447 R.
333 1400 441 1446 dist.
470 1399 762 1464 Praesbyteri
788 1402 835 1447 in
878 1401 1099 1465 AEgypto
1125 1401 1495 1464 consignabant,
1532 1400 1595 1449 de

180 1482 421 1514 consensu
451 1467 704 1525 Ecclesiae,
731 1468 941 1532 ideoque
966 1481 1167 1533 possunt
1192 1483 1298 1517 esse
1324 1469 1600 1516 extraordi-

180 1535 301 1581 narii
364 1535 753 1583 Confirmationis
813 1537 1043 1595 Ministri‚
1103 1553 1230 1585 conc.
1277 1526 1433 1591 aliter,
1465 1554 1598 1598 ffueq

183 1603 417 1667 Episcopi
469 1619 584 1651 vero
631 1602 857 1652 ordinarii
904 1615 1016 1652 sunt
1064 1604 1457 1653 Confirmationis
1500 1605 1599 1660 Mi-

178 1671 331 1719 nistri.

249 1739 370 1787 Inst.
394 1741 473 1786 20·
512 1738 649 1786 Idem
691 1739 1124 1788 Ambrosiasterin
1153 1756 1263 1804 cap.
1298 1743 1344 1788 3.
1369 1740 1526 1804 Epist.
1556 1745 1599 1788 1.

179 1807 242 1855 ad
283 1807 495 1855 Timoth.
540 1808 639 1855 ait.
675 1805 911 1872 Episcopi
957 1817 1001 1856 et
1047 1808 1344 1870 Proesbgsterz'
1392 1826 1493 1857 uua
1532 1817 1603 1858 est

184 1876 451 1923 Ordinatio.
521 1876 655 1939 Ergo
682 1892 744 1923 ex
770 1888 943 1925 natura
973 1892 1062 1924 sua
1096 1876 1413 1942 Praesbyteris
1456 1877 1598 1940 Epis·-

183 1944 292 2005 copi
318 1959 415 1991 non
438 1954 549 1991 sunt
574 1945 863 2007 superiores.

248 2012 310 2058 R.
335 2012 443 2057 dist.
481 2002 711 2075 Episcopi
747 2022 795 2059 et
821 2011 1110 2075 Praesbyteri
1155 2028 1251 2060 una
1292 2022 1364 2060 est
1392 2011 1601 2061 Ondina-

183 2077 251 2125 tio
278 2078 324 2124 in
350 2079 693 2132 sacerdotium,
729 2096 856 2127 conc.
890 2097 954 2128 ex
991 2079 1120 2127 omni
1144 2092 1301 2144 parte,
1339 2097 1443 2143 neq.
1514 2082 1598 2131 Sic

184 2146 309 2193 enim
359 2146 517 2194 statim
559 2146 722 2196 subdit
771 2148 899 2195 idem
948 2150 1172 2196 Auctor·
1219 2150 1423 2212 Uterque
1468 2152 1596 2196 enim

187 2216 412 2261 Sacerdos
430 2222 509 2269 est,
543 2216 626 2262 sed
646 2216 913 2279 Episcopus
938 2219 1133 2279 primus
1155 2226 1224 2265 cst
1255 2232 1491 2265 necessum
1532 2226 1600 2265 est

181 2290 236 2329 ut
257 2284 409 2330 omnis
433 2282 705 2346 Episcopus
729 2283 999 2348 Proesbyter
1020 2286 1100 2343 sit,
1132 2302 1229 2333 33033
1252 2287 1406 2333 omnis
1429 2285 1598 2334 Prces-

181 2350 309 2411 hyter
332 2348 619 2414 Episcopus.

251 2419 371 2465 Inst.
402 2420 481 2464 30·
519 2418 620 2466 Hic
636 2419 909 2483 Episcopus
926 2428 1004 2476 est,
1029 2420 1183 2485 inquit
1206 2419 1335 2469 idem
1359 2421 1594 2484 Scriptor‚

188 2488 271 2547 qui
289 2488 411 2537 inter
434 2484 759 2550 Proesbyteros
771 2490 967 2551 primus
989 2498 1093 2537 est..
1143 2488 1455 2537 ..Timotheus
1475 2492 1596 2553 quia

186 2562 294 2599 ante
316 2570 362 2600 se
384 2554 534 2601 alium
557 2571 652 2602 non
677 2555 858 2613 habeat,
883 2555 1154 2622 Episcopus
1191 2565 1306 2605 erat.
1378 2558 1444 2605 Et
1478 2559 1524 2604 in
1552 2575 1597 2606 c.

212 2626 257 2667 4.
286 2621 438 2684 Epist.
466 2623 525 2669 ad
564 2623 688 2687 Eph.
692 2624 920 2672 Primum
944 2624 1239 2687 Proesbyteri
1258 2624 1495 2705 Episcopi
1515 2643 1597 2674 vo·-

187 2687 433 2745 effantur,
469 2699 523 2737 ut
560 2693 789 2743 recedente
835 2708 945 2749 uuo,
992 2709 1188 2756 sequens
1231 2696 1276 2741 εἰ
1309 2695 1595 2741 succederet.

187 2756 252 2802 Et
277 2756 456 2819 paulo
445 2758 598 2805 infra:
641 2761 767 2816 Quia
790 2769 1033 2823 coeperunt
1052 2769 1290 2824 sequentes
1329 2762 1599 2824 Proesbyte-

187 2826 236 2870 ri
260 2825 448 2886 indiqni
471 2828 675 2874 inveniri
696 2830 765 2875 ad
793 2831 1038 2892 primatus
1078 2830 1309 2885 tenendos,
1345 2832 1597 2877 immutata

186 2900 254 2939 est
276 2894 414 2948 ’ναῖ’ἐο,
451 2895 520 2939 ita
543 2902 597 2940 ut
620 2911 716 2942 33033
735 2896 848 2957 jam
881 2897 1027 2952 Ordo,
1061 2899 1145 2944 sed
1164 2901 1383 2945 meritum
1420 2904 1600 2943 crearet

188 2957 498 3022 Episcopum,
534 2961 787 3011 multorum
839 2963 1149 3016 Sacerdotum
1188 2966 1382 3028 jud-icio
1428 2966 1599 3012 cousti-

181 3035 351 3075 tutum.

857 3101 902 3153 Q
1460 3100 1592 3165 Ergo
