1846 3250
620 197 715 246 DE
755 164 1045 251 oRmNE.
1474 198 1531 243 91

125 339 256 403 apud
282 337 480 385 Graecos
506 349 534 381 a
560 335 758 398 Synodo
785 334 1016 382 Trullana
1049 333 1332 398 permissum
1358 332 1420 380 sit
1444 349 1538 379 ux-

125 423 233 455 ores
255 415 367 453 ante
394 402 764 451 Ordinationem
788 403 962 450 ductas
992 403 1244 464 retinere„
1269 400 1536 464 antiquitus

125 475 285 523 tainen
311 471 360 521 et
383 488 448 520 ex
468 469 699 519 laudabili
734 467 823 518 usu
843 471 1004 519 multis
1030 471 1077 517 in
1103 471 1221 518 locis
1240 485 1336 517 non
1357 469 1537 533 ubique

122 544 396 594 observato,
450 539 660 587 Ministri
685 539 808 587 sacri
834 541 893 588 ab
922 540 1152 586 uxoribus
1192 547 1303 600 ante
1330 536 1537 591 Ordinass

124 611 303 658 tionem
348 609 506 656 ductis
544 608 866 664 abstinebant,
904 618 956 654 ut
996 612 1186 655 constat
1228 603 1288 653 ex
1341 619 1445 653 can.
1487 610 1534 653 9.

126 676 333 729 Concilii
383 677 647 742 Ancyram,
699 693 760 724 ex
809 671 1022 724 Eusebio
1069 676 1150 723 lib.
1195 677 1241 721 3.
1262 674 1536 721 “Demonst.

128 747 316 809 Evang.
342 762 384 794 c.
410 749 456 794 9.
493 743 708 807 Origene
736 744 918 792 Homil.
960 746 1008 793 2.
1043 744 1091 790 in
1126 742 1329 790 Librum
1357 742 1542 789 Nume-

125 831 306 862 rorum.
1089 870 1095 877 y

150 899 159 905 ”
195 886 274 931 50.
311 883 368 931 In
396 881 620 929 Ecclesia
643 880 790 928 latina
818 885 929 943 jure
966 878 1297 942 antiquissimo
1323 877 1538 939 obligato

129 951 178 998 in
201 960 491 1014 perpetuum
535 950 815 997 continendi
854 965 911 997 ac
936 949 1139 1013 proinde
1182 945 1538 1010 abssffinfflldlflb

130 1019 364 1084 uxoribus
403 1022 517 1066 ante
556 1010 924 1066 Ordinationem
966 1017 1124 1067 ductis
1169 1015 1542 1078 Episcoporum‚

128 1088 528 1142 'PraesbteroruQ
583 1085 915 1134 Diaconorum
966 1085 1137 1133 Ordini
1191 1083 1285 1131 fuit
1339 1088 1547 1129 annexa.

131 1156 191 1203 Id
215 1165 407 1202 constat
446 1157 521 1201 10·
561 1170 623 1202 ex
652 1153 873 1202 Concilio
900 1153 1200 1201 Eliberitano
1233 1152 1279 1198 in
1309 1150 1547 1212 Hispania

131 1239 210 1271 an.
227 1227 341 1277 305.
357 1238 464 1270 can.
486 1225 566 1269 33.
591 1222 778 1271 Placuit
804 1224 852 1271 in
871 1230 1014 1271 totum
1028 1221 1271 1289 prohiberi
1287 1219 1545 1285 Episcopis,

136 1291 463 1355 Praesbyteris,
511 1287 1095 1354 Diaconis......ahsti22ere⁴
1118 1306 1167 1336 se
1213 1306 1242 1336 α
1282 1286 1547 1352 conjugibus

135 1359 228 1407 suis
246 1367 297 1406 τἐτ
322 1375 415 1406 non
433 1375 662 1424 generare
676 1410 684 1418 ,
687 1359 813 1419 filios
831 1377 848 1405 .·
885 1359 1158 1420 quicumque
1181 1373 1286 1419 vero
1311 1355 1550 1416 aliter-‘fc-

132 1427 265 1483 cerit,
290 1426 347 1473 ab
371 1427 541 1474 honore
568 1423 825 1473 Clericatus
845 1427 1180 1495 exierisnz'neter.
1240 1421 1320 1470 20·
1349 1421 1547 1481 Sir-icius

139 1496 272 1557 Papa
297 1509 373 1540 an.
401 1494 514 1541 395.
538 1492 586 1538 in
615 1491 771 1555 Epist.
794 1494 854 1539 ad
875 1492 1143 1539 Himerium
1170 1494 1238 1539 sic
1264 1491 1439 1537 habet:
1465 1492 1552 1536 Sa*-

136 1563 342 1610 cerdotes
370 1577 534 1609 ‘omnes
573 1561 820 1608 etrLevziae
855 1559 1160 1608 indissolubili
1202 1559 1301 1625 lege
1347 1558 1551 1604 adstrin-

133 1632 303 1695 gimus,
342 1637 391 1677 ut
413 1646 443 1676 a
467 1628 542 1677 die
569 1628 892 1676 ordinationis
926 1636 1100 1677 nostra:
1130 1628 1369 1675 sobrietati
1386 1632 1429 1673 et
1467 1643 1555 1690 pu-

140 1698 312 1746 dicicioe
334 1704 378 1746 et
400 1697 538 1745 corda
563 1704 719 1744 nostra
745 1696 1051 1759 mancipemus
1076 1703 1118 1743 et
1142 1712 1352 1759 corpora.
1414 1749 1416 1751 ¹
1440 1693 1556 1739 Infi‘-

140 1766 229 1812 niti
265 1779 495 1821 essemus,
531 1764 569 1811 si
610 1763 750 1826 liujus
776 1764 1042 1827 disciplinae
1068 1764 1199 1812 varia
1241 1769 1556 1809 monumenta

143 1834 324 1882 referre
358 1832 606 1880 vellemus.
672 1831 773 1885 ,Qui
805 1832 944 1896 plura
985 1831 1207 1887 voluerit,
1245 1830 1389 1878 adeat
1427 1829 1561 1876 The·-

144 1917 337 1949 saurum
365 1900 532 1949 Coccii
559 1900 619 1947 de
640 1899 844 1956 Ordine,
883 1900 1228 1947 Bellen-minum
1254 1899 1334 1944 lib.
1356 1897 1417 1944 de
1445 1897 1574 1945 Cle-‘

144 1969 255 2016 ricis
280 1985 324 2016 c.
354 1972 429 2016 19.
454 1966 825 2014 Thomassinum
851 1967 913 2016 de
929 1966 1202 2031 Disciplina
1225 1964 1559 2014 ecclesiastica-

146 2054 194 2100 p.
225 2040 264 2083 1.
288 2036 370 2082 lib.
396 2038 444 2080 2.
1339 2059 1341 2062 <

216 2107 298 2150 60·
326 2105 382 2151 In
408 2102 577 2149 eadem
601 2101 823 2150 Ecclesia
845 2101 994 2150 latina
1015 2101 1309 2151 Subdiaconi
1334 2100 1563 2162 antiquis-

148 2171 278 2219 simis
304 2169 603 2235 temporibus
629 2170 786 2219 eidem
826 2170 1136 2219 continentiae
1177 2181 1428 2235 perpetuae
1464 2169 1563 2233 legi

148 2239 290 2288 variis
338 2237 667 2286 conciliorum
710 2254 767 2286 ac
812 2239 1101 2287 Pontificum
1151 2237 1354 2287 statutis
1392 2236 1562 2285 devoti

148 2317 276 2356 sunt.
347 2309 417 2354 At
443 2304 673 2369 quantum
701 2306 762 2355 ad
787 2306 893 2354 illos
918 2307 1025 2355 haec
1051 2306 1305 2371 disciplina
1330 2305 1563 2369 quasdam

149 2374 394 2424 varietatis
431 2390 660 2437 perpessa
695 2384 785 2432 est,
822 2390 914 2422 nec
937 2374 1030 2423 fuit
1066 2386 1291 2423 constans
1316 2389 1374 2421 ac
1412 2388 1563 2437 gene-

148 2442 261 2491 ralis
285 2442 332 2489 in
357 2451 462 2490 toto
488 2442 777 2491 Occidente.
851 2443 901 2491 S.
926 2443 1032 2491 Leo
1069 2442 1416 2491 continentiam
1458 2456 1568 2503 per-

154 2514 436 2584 per-petuam
461 2510 553 2557 illis
578 2510 821 2575 imposuit.
860 2510 909 2559 S.
929 2510 1198 2575 Gregorius
1223 2510 1272 2556 in
1295 2508 1451 2573 Epist.
1486 2511 1568 2555 42.

155 2579 587 2626 exeunte'saeculo
624 2584 673 2629 6.
711 2577 909 2626 indulsit
952 2589 1007 2627 ut
1048 2578 1343 2627 Subdiaconi
1390 2575 1569 2624 Siciliae

156 2645 238 2708 qui
261 2645 565 2693 matrimonio
590 2657 751 2694 essent
793 2647 1056 2710 conjuncti,
1096 2663 1206 2695 cum
1247 2644 1569 2693 uxoribus-ad.

157 2712 341 2776 prolem
368 2723 616 2762 manerent
640 2733 652 2771 ς
689 2714 797 2762 sed'
817 2713 866 2760 in
904 2713 1073 2762 eadem
1103 2713 1258 2777 Epist.
1283 2714 1385 2761 vult
1419 2721 1472 2760 ut
1497 2711 1568 2759 di-

163 2789 301 2827 catur
338 2780 557 2828 omnibus
583 2781 838 2846 Episcopis
878 2783 1061 2830 nullum
1103 2782 1267 2830 facere
1307 2780 1572 2829 Subdiaco-

159 2846 395 2903 num,nisi
420 2848 500 2909 qui
526 2863 578 2896 se
601 2847 841 2898 victurum
868 2860 1002 2899 caste
1026 2850 1314 2914 promiserit.
1352 2847 1573 2896 Tandem

162 2915 342 2962 saeculo
371 2916 447 2960 11.
492 2925 603 2978 post
643 2918 913 2966 Decretum
939 2918 1124 2968 Urbani
1154 2919 1223 2966 II.
1262 2917 1310 2964 in
1350 2912 1575 2964 Concilio

162 2984 540 3032 Claromontano
563 2984 644 3032 lex
678 2984 861 3049 ubique
898 2985 949 3033 in
981 2986 1205 3035 Ecclesia
1240 2983 1390 3033 latina
1423 2979 1577 3046 viguit

830 3052 856 3099 I
881 3055 912 3100 3
1520 3057 1569 3099 ut
