1846 3250
267 169 369 219 sse
468 192 472 199 ›
722 152 738 169 ²
761 165 1233 220 ‘TRACTATus
1292 173 1299 177 ·

261 314 437 361 tracta,
473 318 536 351 ex
573 301 755 352 Edicto
798 302 1037 350 Ludovici
1077 306 1230 354 XIII.
1266 307 1429 370 quoad
1453 308 1614 359 foedus
1640 323 1690 361 et

209 379 216 385 ‘
259 372 506 420 vinculum
544 369 735 433 irritari.
829 370 1014 418 Verum
1065 371 1341 436 Legislator
1399 376 1503 440 ipse
1550 379 1691 427 aliter

261 455 402 487 suum
440 438 672 486 Edictum
707 438 1056 501 interpretatus
1092 450 1182 487 est.
1275 442 1402 489 Nam
1457 461 1565 492 cum
1604 447 1688 494 illa

209 516 212 518 ’
263 506 507 560 clausula,
539 523 631 553 non
666 504 968 553 valablemenc
1020 515 1292 565 contractet,
1332 510 1487 559 Clero.
1537 513 1693 560 Galli-

261 589 385 621 cano
418 570 687 621 molestiam
741 587 813 620 acv
854 572 1187 621 difficultatem
1243 589 1472 635 creasset,
1520 578 1561 627 is
1609 596 1687 628 an.

268 643 413 689 1629.
453 640 503 687 in
541 639 762 689 comitiis
797 641 1109 703 generalibus,
1142 655 1469 705 congregatus
1496 646 1687 710 Regem

260 707 548 771 suppliciter
604 707 898 769 rogavitut
946 724 1042 754 non
1087 709 1225 755 aliter
1273 710 1552 772 hae-voces,
1607 732 1688 762 va-

259 775 355 823 lide
409 774 483 824 vel
531 775 735 824 invalide
788 783 1089 831 contractum,
1144 775 1515 842 intelligerentur
1551 797 1687 845 quam

260 843 454 892 relative
512 844 577 890 ad
632 850 917 890 contractum
978 843 1171 896 civilem,
1231 851 1275 891 et
1310 845 1573 896 nullatenus
1626 851 1692 896 ad

258 918 544 959 contractum
568 909 855 973 spiritualem
884 911 1190 958 Sacramenti.
1285 913 1366 959 Ad
1393 912 1520 961 hanc
1544 931 1689 978 porro

262 977 534 1041 supplicem
576 977 952 1039 postulationem
988 977 1100 1024 Rex
1143 978 1564 1029 christianissimus
1601 999 1688 1045 per

253 1045 413 1108 'Regii
450 1043 606 1107 sigilli
645 1043 911 1091 Custodem
950 1044 1166 1108 aliosque
1209 1046 1684 1097 selectosComites

263 1111 651 1161 Consistorianos
688 1110 939 1174 respondit
974 1128 1121 1159 voces
1168 1112 1275 1160 illas
1309 1114 1464 1163 valide
1496 1124 1579 1163 aut
1614 1116 1686 1165 irt-

260 1180 414 1228 valide
446 1186 686 1227 contracta
722 1179 1033 1235 matrimonia,
1089 1180 1223 1227 nullo
1271 1181 1416 1229 modo
1465 1199 1571 1230 esse
1617 1184 1689 1231 in-

263 1246 532 1310 telligenda
574 1246 718 1309 quam
767 1246 967 1293 relative
1014 1245 1076 1293 ad
1126 1258 1431 1296 contractum
1480 1250 1688 1298 civilem.

262 1313 409 1361 Adde
445 1314 516 1362 sic
551 1314 733 1361 dictam
767 1313 1023 1360 formulam
1073 1314 1347 1376 intelligere
1388 1316 1521 1364 ‚Iuris
1571 1318 1689 1366 utri-

261 1382 417 1446 usque
444 1381 652 1439 Peritos,
679 1397 800 1444 quos
826 1380 946 1428 citat
973 1382 1205 1429 Fevretus
1226 1383 1305 1430 lib.
1335 1388 1383 1431 5.
1406 1384 1468 1431 de
1494 1385 1685 1443 Abusu,

262 1451 457 1498 Auctor
493 1449 575 1513 qui
629 1448 817 1512 colligit
868 1449 1180 1511 probationes
1234 1450 1539 1499 Libertatum
1588 1453 1687 1502 Ec-

261 1517 422 1565 clesiae
459 1516 742 1571 Gallicanae,
783 1516 1073 1563 clarissimus
1126 1517 1348 1566 Louetus
1395 1524 1533 1580 cujus
1580 1520 1685 1568 haec

261 1593 375 1632 sunt
425 1585 604 1632 verba:
662 1583 858 1630 nullitas
916 1584 1205 1630 matrimonii
1275 1587 1564 1649 proveniens
1626 1604 1687 1635 ex

263 1651 464 1700 defectu
500 1649 834 1699 conditionum
896 1667 1015 1713 quas
1074 1651 1274 1713 requirit
1324 1663 1413 1700 art.
1448 1659 1530 1702 40.
1578 1655 1690 1703 Ble-

263 1719 431 1778 sensis,
500 1718 781 1766 nullatenus
828 1718 1022 1780 attingit
1081 1718 1236 1780 ipsum
1302 1721 1689 1777 Sacramentum,

264 1786 395 1849 quod
436 1785 747 1833 nihilominus
782 1783 830 1830 in
866 1784 958 1831 isto
995 1785 1300 1833 matrimonio
1338 1787 1539 1843 existit3
1599 1790 1687 1835 sed

256 1855 323 1902 ibi
383 1854 545 1918 agitur
599 1852 661 1901 de
695 1850 946 1900 validitate
996 1852 1329 1901 conditionum
1389 1854 1686 1905 matrimoni--

254 1923 419 1970 alium.
792 1960 796 1963 ,
879 1940 881 1942 ’
1052 1939 1056 1942 ·

327 1990 461 2037 Hinc
496 1988 783 2037 Ludovicus
837 1989 980 2035 XIV.
1037 1986 1117 2051 qui
1172 1987 1418 2051 duplicem
1456 1990 1517 2038 de
1556 1991 1688 2038 Con.

246 2056 397 2122 jugiis
434 2056 846 2106 constitutionem
901 2055 1070 2112 edidit,
1125 2056 1530 2104 exhaeredationis
1578 2060 1684 2121 qui-

256 2125 368 2173 dem
416 2140 605 2188 poenam
654 2123 701 2169 in
772 2123 896 2171 filios
944 2123 1047 2171 sine
1113 2129 1383 2171 consensu‘
1424 2136 1680 2187 parentum

255 2194 499 2240 nubentes
559 2191 846 2246 confirmat3
903 2200 953 2237 at
1001 2207 1148 2238 voces
1208 2191 1337 2248 istas,
1399 2192 1550 2241 valide
1600 2202 1682 2240 aut

255 2259 461 2309 invalide
480 2266 717 2307 contracta
741 2258 1055 2314 matrimonia,
1093 2274 1288 2320 prorsus
1320 2259 1514 2306 omittit.
1584 2260 1679 2322 Igi-

255 2337 335 2374 tur
371 2325 675 2374 matrimonia
721 2325 928 2371 filiorum
982 2324 1085 2371 sine
1140 2340 1376 2372 consensu
1425 2337 1681 2388 parentum

235 2394 373 2442 ’inita
413 2392 657 2442 Ludovici
698 2392 848 2440 X111.
885 2390 1065 2439 Edicto
1105 2391 1267 2454 quo-ad
1302 2391 1464 2441 foedus
1504 2403 1555 2441 et
1597 2394 1681 2441 Sa-

255 2472 556 2510 cramentum
581 2459 846 2507 irritantur.

234 2564 238 2569 -
280 2545 283 2547 ’
321 2529 472 2578 Prob.
498 2530 574 2576 20·
597 2545 654 2576 ex
679 2527 889 2576 Arrestis
918 2544 1234 2591 supremarum
1266 2527 1532 2576 curiarum.
1577 2546 1578 2549 ¹
1627 2528 1679 2577 Si

235 2596 563 2643 ‘matrimonia
586 2594 1001 2642 filiorumfamilias
1042 2595 1147 2641 solo
1189 2610 1455 2646 consensus
1489 2597 1678 2659 paterni

255 2663 456 2711 defectu
480 2663 601 2710 Jure
621 2661 831 2719 Gallico,
869 2678 956 2709 seu
982 2666 1129 2722 juxta
1164 2671 1382 2709 tenorem
1411 2662 1681 2724 Regiorum

259 2728 565 2786 Edictorum,
603 2739 766 2777 essent
806 2728 1031 2786 invalida,
1071 2734 1351 2776 constanter
1375 2730 1680 2777 matrimonia

255 2795 685 2851 filiorumfamilias‚
722 2795 1010 2844 inconsultis
1061 2796 1360 2858 parentibus,
1427 2807 1680 2845 contracta

255 2864 494 2930 supremis
539 2863 588 2910 in
640 2861 1263 2928 Curiispronuntiarentur
1298 2864 1530 2921 invalida,
1572 2864 1678 2911 filii-

255 2947 351 2998 que
386 2948 452 2982 ex
485 2930 543 2980 iis
578 2929 685 2992 nati·
713 2939 798 2979 aut
832 2929 1063 2980 nascituri
1112 2930 1477 2981 declararentur
1521 2930 1678 3006 illegi-

896 3009 901 3012 ’
1533 3008 1633 3046 timi
1658 3016 1674 3044 2
