1846 3250
593 170 691 224 DE
737 171 1233 224 MATRIMONIO.
1531 165 1634 219 455

201 302 554 359 Pharisaeorum
593 309 913 373 interrogatio
955 309 1053 356 duo
1094 305 1391 364 involvebat,
1440 306 1520 352 10.
1571 319 1636 352 an

199 379 358 426 licerit
397 393 706 443 quacumque
750 395 813 425 ex
854 392 1016 433 causa,
1068 375 1214 422 etiam
1262 373 1374 430 levi,
1428 387 1635 420 uxorem

201 446 463 500 dimittere,
502 461 579 501 an,
618 461 676 493 ea
703 444 913 501 dimissa,
952 442 1124 490 marito
1165 441 1338 489 liceret
1375 439 1518 488 aliam
1545 440 1635 487 du-

201 529 332 560 cere.
403 513 550 562 Unde
575 512 637 560 ad
671 522 933 574 utrumque
973 508 1275 573 respondens
1302 508 1523 557 Christus
1567 505 1636 558 ait

204 583 280 626 10.
321 596 526 628 uxorem
570 580 731 643 quoad
768 579 963 626 thorum
1006 594 1102 624 non
1143 592 1250 624 esse
1293 574 1635 623 dimittendam

198 646 289 694 nisi
314 647 362 693 in
390 663 537 695 causa
560 646 912 701 fornicationis,
949 648 1028 692 20·
1053 660 1112 692 ea
1130 643 1342 700 dimissa,
1368 659 1466 690 non
1490 657 1634 706 posse

199 714 342 761 aliam
384 714 487 762 sine
531 715 742 762 moechia
777 713 908 761 duci.
979 711 1138 775 Igitur
1164 711 1343 759 Christi
1382 708 1633 774 responsio

200 781 395 845 utrique
420 782 681 846 propositae
707 779 959 844 quaestioni
992 778 1235 842 congruit.

271 850 395 897 Inst.
432 853 496 896 2“·
537 850 586 898 Si
615 850 836 898 Christus
861 849 909 895 in
948 847 1104 910 prima
1138 855 1277 907 parte
1308 842 1637 909 responsionis

196 915 390 964 locutus
425 916 598 975 fuisset
639 918 700 964 de
748 915 1027 963 dimissione
1069 915 1232 977 quoad
1270 913 1482 969 thorum,
1533 926 1632 958 non

203 983 446 1032 attulisset
487 985 637 1032 solam
677 983 1048 1031 fornicationem
1074 981 1123 1027 in
1161 996 1356 1028 causam
1399 977 1639 1040 eJusmodi

201 1050 508 1108 dimissionis,
545 1067 656 1098 cum
683 1060 876 1097 constet
910 1050 999 1096 sub
1026 1048 1165 1111 Lege
1203 1046 1489 1110 evangelica
1512 1045 1640 1092 mul-

200 1116 261 1164 tis
303 1118 407 1165 aliis
446 1119 509 1167 de
551 1118 710 1167 causis
747 1117 851 1165 fieri
888 1133 1032 1181 posse
1069 1114 1428 1180 separationem
1471 1112 1635 1178 quoad

198 1183 409 1234 thorum.
841 1233 844 1236 ⁴

271 1254 333 1301 R.
369 1254 544 1302 multas
569 1254 763 1317 quidem
789 1252 907 1302 alias
944 1269 1113 1302 causas
1146 1268 1253 1301 esse
1277 1260 1478 1317 propter
1514 1266 1635 1316 quas

201 1336 328 1368 uxor
378 1337 407 1369 a
459 1322 600 1370 thoro
655 1333 705 1370 et
756 1322 1058 1370 habitatione
1107 1331 1271 1385 potest
1324 1319 1526 1369 excludi
1569 1319 1634 1367 ad

198 1396 394 1452 tempus
430 1406 609 1454 nempe
645 1390 804 1438 donec
841 1388 1098 1453 resipuerit
1135 1398 1186 1437 et
1227 1388 1290 1437 ad
1331 1387 1534 1436 meliora
1558 1402 1636 1436 re·

199 1471 339 1503 versa
379 1456 456 1515 sit,
496 1468 549 1505 ut
590 1467 763 1522 postea
801 1458 995 1505 dicitur.
1066 1457 1166 1504 Sed
1214 1465 1390 1520 praeter
1425 1454 1637 1504 fornica-

199 1522 401 1582 tionem,
438 1525 572 1573 nulla
605 1535 680 1573 est
705 1542 853 1573 causa
877 1534 1077 1589 propter
1098 1540 1241 1588 quam
1269 1539 1395 1571 uxor
1436 1539 1466 1571 a
1506 1522 1637 1570 thori

201 1591 448 1639 consortio
494 1593 645 1656 possit
682 1593 931 1657 segregari
980 1593 1028 1638 in
1082 1601 1374 1656 perpetuum
1424 1606 1484 1638 ac
1531 1590 1637 1639 sine

201 1674 289 1722 spe
315 1660 536 1717 reditus;
570 1661 684 1724 quia
707 1660 981 1716 fornicatio,
1021 1676 1131 1707 curn
1160 1659 1308 1706 violet
1340 1657 1489 1706 fidem
1519 1673 1637 1706 con-

190 1727 409 1789 jugalem
448 1744 557 1790 quae
596 1727 888 1776 matrimonii
932 1728 1061 1775 basis
1101 1736 1175 1774 est
1211 1726 1304 1772 nisi
1342 1741 1455 1790 pars
1480 1724 1638 1775 ¹inno-

200 1809 319 1841 cens
372 1795 538 1850 cedat,
573 1796 704 1842 omni
744 1794 1131 1842 reconciliationi
1183 1793 1310 1841 viam
1360 1793 1638 1856 praecludit.

200 1861 357 1909 Porro
384 1863 606 1910 Christus
641 1862 857 1926 loquitur
893 1862 956 1909 de
994 1862 1088 1909 hoc
1124 1859 1395 1925 posteriore
1431 1859 1639 1910 dimissi-

202 1928 538 1992 onis-genere,
576 1946 673 1993 quo
709 1930 862 1993 magis
896 1930 1339 1993 repraesentabatur
1375 1928 1638 1976 divortium

201 1996 334 2060 apud
364 1996 587 2053 Judaeos‚·
621 2008 927 2054 consuetum,
967 1996 1098 2060 quod
1134 1996 1330 2059 quidem
1367 2005 1515 2061 prout
1549 1996 1637 2046 fie-

199 2063 300 2121 bat,
337 2080 425 2128 per
449 2064 664 2113 libellum
690 2065 899 2128 repudii,
937 2073 1231 2128 perpetuum
1255 2073 1377 2112 erat.
1447 2063 1636 2113 Merito

200 2130 349 2194 igitur
370 2132 742 2181 fornicationem
765 2132 956 2180 unicam
981 2131 1110 2180 illius
1129 2131 1420 2180 dimissionis
1439 2147 1637 2180 causam

199 2198 356 2247 affert.

273 2267 374 2331 Obj.
439 2269 505 2314 2⁰·
565 2268 893 2332 Imperatores
953 2265 1201 2324 christani,
1264 2265 1634 2325 Constantinus,

205 2334 510 2382 Theodosius
546 2345 596 2383 et
631 2336 711 2383 alli
749 2335 943 2399 quidam
986 2335 1151 2398 Leges
1203 2335 1420 2383 tulerunt
1461 2334 1638 2398 quibus

200 2401 561 2466 permittibatur
608 2408 873 2466 conjugum
916 2401 1161 2466 separatio
1198 2412 1302 2451 tum
1351 2401 1485 2465 quod
1532 2402 1636 2449 vin-

199 2469 364 2516 culum
417 2479 521 2517 tum
557 2471 721 2532 quoad
756 2471 968 2518 thorum.
1040 2470 1246 2519 Constat
1296 2485 1363 2517 ex
1413 2468 1635 2518 formulis

202 2536 487 2600 Marculphi
523 2536 654 2585 hunc
704 2553 842 2585 usum
891 2537 1004 2585 olim
1047 2537 1097 2584 in
1141 2537 1313 2586 Galliis
1352 2535 1636 2586 obtinuisse.

203 2603 310 2651 Imo
353 2620 449 2650 non
485 2614 673 2653 tantum
710 2605 837 2652 hanc
889 2603 1136 2652 licentiam
1188 2604 1416 2653 fecerunt
1450 2603 1638 2668 antiqui

203 2670 531 2734 Imperatores
571 2672 836 2729 christiani,
874 2672 962 2720 sed
996 2671 1080 2719 illa
1104 2672 1177 2720 usi
1201 2682 1331 2720 sunt.
1402 2671 1485 2720 Sic
1511 2672 1638 2730 inter

203 2737 323 2786 alios
360 2739 563 2786 Carolus
603 2741 817 2803 Magnus
851 2740 901 2786 in
943 2740 1109 2787 multis
1147 2739 1385 2788 Ecclesiis
1432 2754 1638 2787 numero

206 2805 495 2853 Sanctorum
533 2807 823 2871 adscriptus,
860 2806 1129 2871 repudiatis
1164 2808 1354 2856 duabus
1397 2807 1657 2868 uxoribus*

203 2871 492 2929 viventibus,
528 2874 721 2922 tertiam
747 2874 885 2923 duxit
911 2874 1209 2923 Fastradem.
1283 2875 1364 2923 Sic
1403 2875 1495 2921 sub
1536 2873 1635 2922 fine

205 2943 251 2987 4.
276 2940 439 2988 saeculi
474 2940 688 3004 Fabiola,
724 2941 827 2991 viro
864 2959 953 2992 suo
994 2953 1196 3008 propter
1237 2939 1634 3056 depravatitgiem

211 3036 216 3039 <
362 3038 368 3041 ·
1376 3023 1497 3073 repu
1534 3017 1632 3059 tate
