1846 3250
526 152 623 201 DE
658 147 1160 202 MATRIMONIO.
1492 150 1589 201 291

166 297 306 351 sunu
385 286 617 343 Quinimo
664 301 777 333 curn
815 284 1085 333 inveterata
1122 282 1440 333 consuetudo
1498 285 1595 333 vim

174 353 322 421 Legis
339 355 542 411 habeat,
579 353 691 401 Lex
730 354 834 401 sola
873 353 1080 417 alicujus
1123 352 1286 415 Regni
1322 363 1418 400 aut
1447 353 1596 402 etiam

168 425 374 487 alicujus
422 420 671 471 Dioecesis
717 420 1076 469 consuetudine
1118 430 1282 485 potest
1330 419 1594 479 introduci,

173 491 319 540 rn'odo
338 500 499 539 tamen
531 492 605 539 10·
628 488 712 536 illa
736 488 1045 537 consuetudo
1064 504 1158 536 nec
1175 493 1287 550 jure
1313 488 1477 537 divino
1501 499 1597 539 nec

172 559 380 607 naturali
422 558 723 613 adversetur,
761 556 907 603 modo
934 556 1010 602 2⁰·
1048 571 1077 603 a
1122 556 1385 620 Superiore
1422 557 1597 616 saltem

170 626 319 675 tacite
345 627 660 691 approbetur,
698 624 844 671 modo
872 626 949 670 30·
985 622 1205 686 legitima
1229 623 1598 689 praescriptione

171 694 504 743 confirmetur.
544 692 797 742 Fundatur
821 692 905 739 illa
928 690 1115 739 decisio
1130 690 1425 740 auctoritate
1447 695 1600 745 Alex·-

170 762 270 810 111.
306 767 417 827 Cap.
457 765 612 825 Super
652 777 705 810 eo
748 760 884 826 quod,
923 759 986 807 de
1033 758 1330 822 cognatione
1362 760 1598 823 spiritiali-

174 829 258 879 Sic
293 829 527 878 nonnulla
567 828 918 893 impedimenta
953 826 1102 875 fuisse
1143 825 1426 875 introducta
1447 831 1599 894 vulgo

93 900 97 905 ’
171 897 389 947 sentiunt
414 898 706 946 Canonistae.

242 965 485 1014 Gallicani
546 963 784 1012 Praesules
831 962 895 1011 de
943 961 1251 1011 matrimonio
1299 978 1329 1012 a
1377 965 1599 1014 Gastone

174 1031 321 1081 Duce
351 1032 713 1086 Aurelianensi‚
750 1030 904 1093 Regis
928 1030 1097 1088 fratre,
1124 1047 1236 1079 cum
1263 1031 1599 1096 Lotharingiae

174 1099 333 1148 Ducis
376 1116 558 1157 sorore,
612 1099 765 1148 invito
816 1100 975 1162 Rege,
1015 1109 1271 1147 contracto
1320 1116 1397 1148 an.
1454 1104 1599 1150 1635.

174 1167 402 1224 consulti,
439 1168 665 1216 doctrina
711 1166 859 1214 modo
907 1168 1133 1230 exposita
1175 1167 1382 1224 fundati,
1421 1168 1600 1217 auditis

173 1236 322 1283 eacrae
372 1234 638 1284 Facultatis
681 1246 730 1283 et
779 1234 929 1283 totius
980 1234 1142 1297 Regni
1169 1235 1489 1294 Doctoribus,
1526 1253 1607 1286 re-

173 1301 479 1367 sponderunt
525 1303 715 1351 nullum
766 1319 876 1351 esse
936 1302 1296 1351 matrimonium
1348 1304 1600 1363 &ast-onis,

178 1386 273 1420 nec
318 1370 448 1419 ferre
492 1370 636 1433 hujus
663 1370 825 1434 Regni
867 1370 1273 1418 consuetudinem
1319 1382 1369 1419 et
1413 1371 1603 1435 Princi-

175 1454 263 1502 pes
292 1438 454 1503 stirpis
491 1439 634 1501 regiae
675 1438 1044 1502 praesertimque
1086 1438 1409 1501 proximiores
1439 1440 1603 1506 Regni

175 1506 396 1555 haeredes
430 1506 536 1554 sine
577 1521 818 1555 consensu
859 1506 1009 1569 Regis
1049 1520 1109 1555 ac
1146 1506 1304 1554 'multo
1345 1507 1504 1556 minus
1541 1525 1603 1567 eo

178 1573 330 1622 invito
380 1573 574 1638 nuptias
620 1573 930 1630 contrahant,
989 1589 1287 1636 prorsusque
1334 1574 1603 1625 invalidum

175 1658 285 1690 esse
309 1642 546 1704 ejusmodi
570 1640 947 1689 matrimonium.
990 1639 1124 1687 Huic
1140 1641 1332 1706 ‘judicio
1357 1642 1604 1707 acquievit

178 1710 350 1758 Gasto.
387 1708 486 1773 qui,
524 1708 720 1757 tandem
760 1707 1100 1756 consentiente
1145 1709 1287 1771 Rege
1325 1710 1407 1774 qui
1451 1713 1604 1760 omni-

177 1794 256 1825 um
282 1775 529 1840 sanguinis
553 1776 626 1824 sui
655 1775 936 1838 Principum
980 1786 1120 1838 pater
1161 1787 1236 1823 est
1274 1787 1325 1825 et
1359 1778 1601 1837 dominus,

173 1861 252 1893 an.
295 1846 441 1892 1643.
477 1860 590 1893 cum
616 1844 789 1894 eadem
817 1843 1044 1907 Principe
1071 1845 1319 1894 contraxit
1349 1845 1398 1891 in
1426 1847 1602 1895 Castro

180 1911 462 1962 Meudonis.

591 2044 845 2096 Solvuntur
893 2046 1192 2108 Olgjectz‘oneS.

247 2182 354 2245 Obj.
385 2182 455 2230 1⁰·
495 2180 546 2229 Si
597 2180 823 2229 Ecclesia
860 2191 1154 2245 potestatem
1195 2181 1398 2232 haberet
1447 2194 1603 2235 statu—

177 2250 290 2298 endi
326 2248 676 2313 impedimenta
699 2249 1056 2297 matrimonium
1096 2250 1388 2310 dirimentia,
1426 2269 1601 2319 seque-

179 2330 313 2365 retur
355 2333 461 2366 eam
497 2322 578 2379 jus
620 2317 803 2365 habere
845 2317 1064 2365 mutandi
1103 2318 1254 2382 ipsam
1297 2319 1601 2372 Sacramenti

178 2383 479 2433 Matrimonii
506 2384 709 2434 materia
731 2400 790 2432 ac
815 2384 1019 2448 proinde
1045 2387 1322 2442 essentiam,
1359 2388 1600 2451 siquidem

176 2452 392 2501 efficeret
418 2452 702 2515 ut'partium
730 2468 1012 2511 consensuS‚
1039 2454 1120 2516 qui
1147 2465 1263 2502 ante
1285 2455 1603 2518 impedimen·

179 2531 300 2573 tum,
337 2519 579 2567 sufficiens
605 2531 707 2568 erat
751 2520 1053 2568 Sacramenti
1097 2522 1314 2580 materia,
1352 2524 1601 2574 desineret

178 2595 287 2650 post
311 2587 461 2634 latum
487 2586 887 2651 impedimentum
926 2588 1164 2636 sufficere.
1237 2591 1390 2654 Atqui
1433 2602 1599 2641 tamen

181 2653 370 2703 Concil.
396 2653 530 2701 Trid.
552 2670 667 2703 sess.
710 2656 790 2702 21.
816 2671 859 2703 c.
886 2658 932 2703 2.
969 2655 1115 2704 docet
1157 2655 1277 2705 nihil
1322 2659 1598 2710 Ecclesiam

178 2738 321 2786 posse
346 2721 393 2767 in
423 2721 848 2771 Sacramentorum
873 2724 1208 2775 substantiam.

250 2790 312 2838 R.
341 2807 386 2836 n.
409 2805 500 2853 seq.
534 2794 642 2854 maj.
712 2790 780 2840 Ut
806 2791 1095 2854 gravissimae
1133 2791 1261 2842 illius
1301 2794 1598 2845 difficultatis

177 2856 358 2904 solutio
395 2866 579 2920 pateat,
613 2858 879 2907 notandum
927 2869 1000 2907 est
1049 2860 1406 2909 matrimonium
1434 2878 1597 2925 posse

177 2923 476 2977 considerari
516 2925 605 2976 sub
647 2925 825 2991 tripiici
863 2925 1007 2987 facie,
1045 2937 1099 2977 ut
1135 2938 1417 2978 contractus
1459 2939 1600 2979 natu·

458 3014 460 3017 ·
770 2993 828 3044 ‘C
856 3008 885 3041 c
1487 2997 1600 3048 ralis
