1846 3250
260 160 359 208 334*
777 150 1208 207 TRACTATUS
1231 161 1241 185 -’
1283 161 1295 169 ”

257 288 538 354 excipiendi
579 295 693 336 'sunt
729 289 761 335 ii
804 289 903 352 qui,
941 304 1052 338 eum
1078 292 1535 355 *antespubertatem
1569 303 1682 343 <fon—

255 357 512 413 traxerint,
538 373 603 405 ea·
620 358 815 419 adepta,
853 359 1133 407 cohabitare
1157 372 1515 421 perrexerunt3
1551 364 1682 424 quia,

244 431 393 486 juxta
413 424 539 480 illos,
577 424 875 472 cohabitatio
901 425 1185 474 continuata
1209 436 1363 473 ratum
1401 428 1519 476 facit
1546 431 1679 491 quod

251 494 315 540 ab
342 491 478 538 initio
503 492 595 539 fuit
619 491 823 538 irritum.
898 492 997 539 Alii
1038 503 1217 540 tamen
1239 496 1538 555 probabilius
1565 512 1680 544 cen-

253 570 361 607 sent
389 558 694 606 matrimonia
715 558 850 605 haec'
839 575 886 604 m
913 560 1038 607 facie
1057 560 1295 608 Ecclesiae
1314 577 1419 609 esse
1443 562 1681 619 iteranda,

248 627 401 690 idque
426 642 542 674 sane
577 626 730 673 multo
767 626 918 674 tutius
944 637 1035 675 est.
1080 670 1082 672 ,

325 693 515 750 Qnaeres
543 696 655 741 110·
692 710 789 756 quo
823 698 935 754 jure
981 693 1239 741 fundatum
1280 693 1340 742 sit
1380 670 1677 759 impotentiae

250 761 668 825 impedimentum,
707 770 761 807 ut
786 770 946 807 utrum
975 761 1188 808 relaxari
1211 762 1404 824 possit?

318 830 385 876 R.
422 828 823 904 impedimentum
847 811 968 875 illud
993 845 1089 875 non
1114 828 1269 876 solum
1308 830 1431 879 Jure
1474 808 1677 878 ecclesi-

248 897 420 953 astico,
456 896 543 944 sed
569 895 715 943 etiam
753 895 961 942 naturali
999 895 1209 958 positum
1252 911 1374 944 esse.
1444 898 1674 950 Quamvis

248 964 379 1012 enim
400 962 690 1010 matrimonii
728 971 867 1009 actus
903 979 1001 1010 non
1036 962 1313 1025 requiratur
1341 963 1404 1012 ad
1430 965 1674 1013 matrimo-

245 1031 397 1086 nium,
435 1029 655 1094 potentia
679 1039 839 1076 tamen
884 1030 947 1078 ad
985 1039 1166 1086 actum,
1203 1040 1257 1077 ut
1293 1040 1437 1079 antea
1461 1031 1674 1080 diximus

247 1109 359 1162 post
388 1098 438 1146 S.
460 1098 718 1151 Thomam‚
764 1106 838 1143 est
880 1096 942 1144 de
983 1096 1109 1144 illius
1145 1098 1370 1145 essentia.
1444 1099 1674 1163 Sequitur

245 1166 366 1215 illud
391 1164 790 1227 impedimentum
808 1180 915 1211 non
939 1180 1083 1227 posse
1107 1165 1167 1211 ab
1195 1164 1422 1212 Ecclesia
1445 1166 1670 1213 relaxari.

318 1234 387 1280 At
423 1248 520 1279 non
561 1231 629 1278 ita
671 1240 745 1278 est
786 1232 922 1293 Lege
971 1247 1067 1294 qua
1109 1231 1388 1293 impuberes
1434 1232 1669 1281 rationem

245 1299 411 1363 adepti
449 1300 633 1346 nubere
673 1298 1008 1360 prohibentur.
1080 1298 1202 1345 Cum
1248 1298 1375 1345 enim
1423 1299 1535 1347 Lex
1577 1300 1668 1348 ista

243 1369 343 1415 lata
382 1367 530 1414 fuerit
566 1366 632 1412 ab
678 1364 919 1421 Ecclesia,
957 1364 1060 1412 tolli
1102 1374 1263 1428 potest
1311 1383 1399 1429 per
1435 1366 1671 1415 Ecclesia}

243 1434 671 1498 dispensationem,
733 1449 839 1495 quae
887 1448 948 1480 ex
1012 1433 1165 1495 Greg.
1213 1433 1361 1481 XIII.
1395 1450 1424 1481 a
1469 1435 1669 1496 singulis

243 1501 501 1565 Episcopis
527 1502 574 1546 in
603 1516 691 1547 sua
716 1500 934 1547 Dioecesi
978 1499 1181 1547 concedi
1223 1510 1402 1562 potest,
1441 1511 1493 1548 ut
1529 1512 1666 1549 notat

243 1570 460 1618 Collator
509 1567 806 1622 Parisiensis,
861 1583 1067 1628 quaeque
1115 1576 1275 1613 tamen
1325 1568 1406 1614 vix
1456 1584 1663 1629 unquam

242 1637 420 1685 collata
446 1646 535 1689 est,
574 1633 662 1680 nisi
700 1633 827 1681 forte
870 1643 1098 1697 respectu
1140 1635 1458 1696 quorumdam
1495 1652 1664 1699 supre-

237 1720 425 1752 morum
454 1701 749 1764 Principum.

616 1836 697 1883 De
731 1834 1052 1899 impedimento
1094 1834 1302 1897 Raptus.

311 1973 499 2035 Raptus
540 1967 728 2018 definiri
776 1976 940 2031 potest
976 1967 1185 2015 foeminae
1220 1967 1450 2017 abductio
1487 1985 1513 2017 e
1548 1970 1659 2016 loco

239 2051 364 2093 tuto,
402 2050 449 2086 et
476 2038 602 2084 illius
628 2035 877 2083 translatio
904 2035 949 2080 in
975 2036 1138 2082 locum
1166 2037 1247 2083 ubi
1273 2036 1477 2100 raptoris
1502 2047 1662 2100 potes-

237 2108 325 2156 tati
358 2107 540 2161 subest‚
578 2103 621 2150 vi
662 2113 745 2150 aut
783 2101 1072 2151 seductione
1115 2102 1262 2161 facta,
1300 2103 1656 2152 matrimonium

235 2174 433 2223 ineundi
459 2173 533 2220 vel
559 2170 768 2218 libidinis
801 2170 1059 2231 explendae
1096 2186 1254 2218 causa.

303 2242 482 2289 Dictur
513 2242 588 2286 10·
624 2237 1078 2313 abdizctiofcemince,
1116 2237 1216 2285 sive
1259 2236 1320 2285 sit
1370 2238 1522 2300 vhgo,
1556 2237 1655 2285 sive

237 2318 481 2371 corrupta.
523 2305 623 2353 sive
671 2304 815 2351 etiam
863 2303 963 2350 sive
1011 2303 1306 2364 disponsata,
1343 2305 1444 2351 sive
1495 2305 1656 2356 vidua,

231 2380 330 2426 sive
353 2364 634 2437 conjugata3
671 2370 780 2434 quia
795 2370 957 2431 Leges
978 2370 1199 2417 omnibus
1224 2370 1418 2420 omnino
1439 2373 1656 2434 personis

234 2443 591 2493 matrimonium
616 2439 821 2489 liberum
848 2453 952 2485 esse
978 2437 1249 2484 v·olue1unt.
1558 2459 1559 2463 =

304 2512 483 2559 Dictur
531 2507 607 2553 2⁰.
644 2523 669 2553 e
705 2503 801 2552 [σο
824 2512 940 2559 tuto,
980 2503 1079 2552 sive
1119 2505 1178 2554 sit
1222 2516 1477 2568 parentum
1527 2516 1653 2553 tuto-

232 2594 437 2641 rumque
479 2576 668 2630 domUS,
704 2571 804 2619 sive
831 2572 1190 2629 monasterium,
1227 2572 1327 2621 sive
1369 2574 1506 2621 locus
1532 2574 1654 2621 alter

230 2649 286 2694 in
305 2660 399 2707 quo
425 2642 603 2689 mulier
621 2654 794 2687 secura
812 2638 1045 2715 degebat.

305 2712 482 2760 Dictur
532 2712 614 2754 30.
677 2706 963 2754 matrimonii
995 2705 1189 2753 ineundi
1234 2705 1307 2753 vel
1348 2705 1554 2756 libidinis
1600 2724 1655 2754 esc

228 2780 410 2845 plendoe
443 2791 637 2829 causce,-
651 2773 764 2836 quia
789 2772 937 2819 tutior
961 2782 1035 2819 est
1059 2788 1117 2819 ac
1143 2773 1437 2848 probabilior
1459 2783 1647 2821 senten

232 2849 299 2897 tia
324 2859 491 2895 eorum
530 2840 613 2904 qui
656 2839 911 2891 affirmant
935 2849 1085 2886 totam
1127 2839 1360 2887 rationem
1386 2851 1552 2901 raptus
1578 2856 1652 2887 re-

229 2913 393 2980 periri,
430 2926 527 2958 non
564 2908 718 2956 solum
746 2922 857 2954 cum
898 2907 980 2954 ille
1021 2906 1075 2953 fit
1112 2906 1399 2955 matrimonii
1425 2906 1650 3019 ineundii

1564 2989 1615 3020 se
