1846 3250
290 172 388 227 256
793 172 1251 229 TRACTATUS
1278 190 1285 194 ⁷
1305 184 1316 231 ζ

285 303 326 354 si
350 320 557 368 sponsus
596 321 712 354 cum
745 308 979 371 pluribus*
1004 325 1216 373 peccare
1259 313 1584 370 consueverit,
1621 324 1704 365 aut

284 374 471 434 prolem
499 386 563 421 ex·
602 373 761 423 aliena
800 378 1101 440 susceperit..
1155 379 1283 429 Haec
1314 381 1444 430 enim
1479 382 1705 435 mutatio:-

282 453 394 486 nem
418 441 685 489 notabilem
709 441 967 492 inducunt.

485 575 678 629 CAUsA
714 578 764 627 9.
803 577 1167 629 Matrimonium
1200 564 1496 646 subsequens

347 708 494 758 Nona
522 708 945 760 dissolvendorum
984 713 1275 775 sponsalium
1314 729 1462 765 causa
1493 725 1564 763 est
1603 733 1701 767 ma

279 775 557 827 trit-nonium
593 777 750 829 valide
786 780 864 827 ab
888 796 984 827 uno
1020 796 1082 828 ex
1094 780 1297 857 sponsis
1333 797 1445 833 cum
1471 781 1564 831 alia
1593 800 1702 851 per-

274 859 396 893 sona
418 843 637 900 initium;
674 861 785 895 eum
811 845 941 894 enim
965 846 1323 898 matrimonium
1347 849 1409 898 sit
1443 849 1695 900 indissolu-

272 910 390 971 bile,
424 912 676 977 promissio
712 912 773 961 de
821 913 968 977 priori
1016 914 1322 965 matrimonio
1354 920 1456 978 jam
1507 917 1696 981 impleri

271 993 369 1026 uon
406 989 585 1043 potest.
657 980 758 1029 Sed
789 981 896 1043 qui
892 981 1054 1032 fidem
1090 982 1252 1032 datem
1293 982 1505 1039 violavit,
1540 985 1698 1047 gravi·
1717 1031 1719 1033 ,

270 1053 344 1093 ter
370 1046 612 1110 peccavit,
644 1048 1011 1113 poenitentiaque
1033 1051 1077 1099 ei
1116 1050 1173 1099 de
1196 1049 1447 1100 violatione
1462 1052 1608 1113 fidei,
1625 1054 1694 1103 in

255 1112 475 1178 jugenda
499 1122 584 1169 est,
620 1116 688 1162 ait
715 1115 872 1178 Greg
907 1116 1237 1180 1X.cap.Si
1277 1117 1414 1175 inter,
1452 1119 1508 1166 de
1548 1120 1695 1183 Spon-

265 1181 354 1228 δαί.
393 1189 439 1229 et
464 1182 686 1230 AWatrim.
755 1182 874 1230 Pars
911 1193 1077 1231 autem
1124 1184 1279 1234 altera
1316 1184 1468 1238 libera
1510 1197 1689 1241 manet²

267 1262 364 1295 nec
407 1264 529 1312 opus
571 1258 645 1296 est
684 1259 737 1296 ut
777 1249 942 1312 Jndex
983 1251 1225 1314 sponsalia
1242 1242 1363 1298 ‘haec
1402 1250 1537 1301 irrita
1585 1268 1690 1302 esse

266 1315 506 1373 declaret,
543 1331 654 1363 cum
681 1332 743 1363 ex
788 1315 895 1379 ipso
918 1317 1041 1365 Jure
1077 1318 1211 1367 nulla
1235 1317 1344 1377 sint.
1414 1319 1583 1369 Potest
1608 1336 1687 1371 ea-

268 1382 382 1431 dem
422 1398 532 1446 pars
569 1383 734 1431 damni
769 1384 1217 1447 compensationem
1253 1384 1301 1431 in
1346 1384 1689 1438 Tribunalibus

264 1458 453 1512 petere.

335 1517 386 1564 Si
424 1516 782 1582 matrimonium
825 1529 935 1581 post
970 1518 1212 1583 sponsalia
1254 1528 1578 1576 contractum,
1615 1521 1689 1567 fo-

263 1595 340 1632 ret
363 1585 646 1641 invalidum,
674 1584 1003 1633 dissolvantur
1025 1586 1268 1648 sponsalia
1294 1603 1356 1633 ex
1385 1598 1521 1649 parte
1546 1604 1690 1651 spon-

263 1651 302 1697 si
351 1651 591 1708 derelicti,
644 1661 843 1715 propter
889 1652 1109 1715 injuriam
1159 1653 1202 1703 ei
1250 1653 1450 1701 illatam.
1545 1656 1683 1705 Stant

262 1734 377 1766 vero
414 1735 477 1766 ex
520 1729 659 1782 parte
698 1719 896 1766 alterius
932 1720 1111 1782 sponsi.
1182 1720 1301 1769 Non,
1329 1720 1457 1770 enim
1490 1734 1683 1784 praestat

260 1784 665 1849 impedimentum
700 1785 832 1848 quod
855 1786 919 1834 de
951 1792 1065 1849 Jure
1090 1802 1185 1836 non
1211 1786 1409 1837 sortitur
1435 1788 1681 1844 effectum,

262 1868 327 1899 ex
378 1853 547 1917 regula
588 1852 721 1900 ,Iuris
763 1855 846 1909 52,
882 1855 952 1901 in·
936 1857 1005 1902 -.6
1075 1855 1181 1902 Imo
1219 1854 1470 1917 probabile
1520 1856 1681 1906 multis

259 1921 453 1968 videtur
489 1920 731 1983 sponsalia
773 1920 935 1984 priora
972 1936 1033 1969 ex
1066 1931 1203 1989 parte
1239 1921 1401 1985 sponsi
1434 1923 1679 1998 matrimo-

260 1988 393 2034 nium
421 1988 631 2035 validum
654 2004 765 2035 cum
792 1988 950 2035 aliena
976 1985 1325 2044 contrahentis,
1362 2005 1459 2036 non
1486 1989 1679 2039 omnino

260 2055 473 2111 dissolvi,
510 2055 598 2102 sed
625 2065 811 2102 tantum
838 2056 1086 2118 suspendi,
1123 2056 1247 2106 adeo
1270 2065 1338 2112 ut,
1376 2056 1679 2105 matrimonio

259 2122 438 2179 soluto,
476 2139 520 2168 v.
543 2139 592 2184 g.
628 2138 716 2184 per
764 2123 985 2184 conjugis
1027 2122 1237 2179 obitum,
1277 2133 1501 2175 teneatur
1554 2125 1682 2187 prio-

257 2204 359 2236 rem
399 2205 621 2252 sponsam
665 2189 866 2243 ducere,
902 2190 941 2236 si
984 2190 1033 2237 id
1072 2191 1302 2253 requirat,
1340 2207 1431 2241 nec
1458 2192 1556 2252 juri
1589 2208 1677 2242 suo

255 2256 416 2304 verbis
447 2267 532 2304 aut
557 2256 748 2303 actibus
783 2256 1148 2304 renuntiaverit.
1221 2258 1368 2307 Ratio
1392 2274 1560 2308 eorum
1586 2268 1675 2312 est,

256 2324 368 2385 quia
392 2323 633 2388 sponsalia
658 2324 760 2370 haec
803 2338 897 2370 nec
932 2324 1055 2372 Jure
1090 2324 1327 2373 naturalia
1353 2340 1445 2373 nec
1471 2324 1675 2386 positivo

256 2392 432 2440 drssolx
441 2401 601 2439 untur
747 2389 925 2443 ·Q.uia
949 2405 1095 2438 nemo
1132 2405 1197 2439 ex
1230 2390 1439 2485 infracta
1462 2391 1559 2443 fide
1588 2393 1676 2441 uti-

255 2459 442 2517 litatem
469 2459 724 2523 percipere
748 2456 913 2506 debet.

328 2594 553 2650 Quaedam
578 2592 685 2641 aliae
708 2590 999 2659 sponsalium
1023 2589 1415 2640 dissolvendorum
1441 2607 1606 2641 causoe.

320 2725 571 2789 Legitima
609 2727 904 2789 sponsalium
946 2724 1368 2776 dissolvendorum
1411 2742 1559 2779 casua
1605 2737 1679 2778 est

261 2797 344 2843 10⁰.
374 2794 571 2842 alterius
608 2793 757 2856 partis
795 2793 1059 2840 diffamatio
1096 2792 1197 2840 sive
1221 2808 1250 2841 a
1288 2805 1541 2857 comparte
1575 2793 1704 2847 sive-

254 2878 282 2909 ει
306 2876 429 2910 voce
451 2860 665 2925 publica,
702 2860 850 2908 modo
884 2861 945 2908 sit
985 2874 1100 2910 vere
1141 2860 1355 2924 publica.
1421 2861 1572 2910 Ratio
1598 2870 1671 2911 est

254 2930 365 2995 quia
388 2928 612 2978 notabilis
640 2927 845 2977 mutatio
871 2926 1168 2992 supervenit.
1243 2927 1378 2980 Hinc
1399 2927 1444 2980 si
1464 2937 1670 3041 asp-02:118&

268 2998 277 3010 ³
1515 3009 1548 3058 p
1597 3008 1674 3042 am
