1846 3250
644 141 739 191 DE
777 140 1067 191 ORDINE.
1486 145 1578 190 149

245 267 417 316 Officia
447 266 892 327 Subdiaconorum,
931 284 991 317 ex
1030 265 1301 317 Pontificali
1339 268 1576 324 Romano,

175 350 286 383 sunt
317 334 546 383 Diaconis
588 334 871 393 ministrare,
909 336 1110 385 calicem
1152 349 1203 385 et
1242 344 1466 400 patenam
1513 337 1577 383 ad

173 405 324 451 altare
349 403 554 460 deferre,
593 404 744 467 pallas
767 404 928 452 altaris
970 416 1020 452 et
1057 404 1326 469 corporalia
1361 404 1575 462 abluere,

174 471 439 533 Epistolam
481 472 660 535 legere,
697 471 828 536 quod
865 488 1040 520 munus
1072 473 1185 521 olim
1222 488 1251 521 a
1284 472 1574 521 Lectoribus

171 540 510 597 exercebatur,
547 555 718 603 aquam
764 539 875 587 vino
921 540 1244 589 eucharistico
1292 541 1576 594 admiscere

171 606 406 654 Fidelium
449 607 712 656 oblationes
752 607 1016 682 suscipere,
1053 609 1182 672 quod
1225 607 1390 671 utique
1431 609 1485 656 fit
1527 609 1576 655 in

171 673 337 722 Missis
359 675 667 725 solemnibus.

238 742 358 790 Tres
396 743 639 807 praecipue
679 716 990 792 contrahunt
1013 713 1333 809 obligationes
1374 744 1576 792 Subdia-

169 810 296 868 coni,
333 820 386 859 ut
411 811 596 860 dictum
616 822 689 860 est
717 812 765 859 in
790 811 942 876 plima
966 822 1120 875 parte,
1155 812 1376 860 nimirum
1402 829 1574 876 perpe-

167 887 300 926 tuam
323 879 543 928 servandi
571 880 860 939 castitatem,
895 879 1108 927 divinum
1133 879 1342 929 officium
1366 880 1573 929 recitan-

166 945 232 1006 di,
269 956 452 1000 vestem
476 948 676 998 talarem
699 948 822 1013 nigri
846 947 1021 997 coloris
1044 948 1285 1013 gestandi.

550 1087 783 1138 CAPUT
818 1087 1192 1144 QUARTUM.

667 1230 748 1278 De
786 1229 1068 1280 Diaconatu.

233 1369 482 1418 GRAEcUM
510 1378 584 1416 est
608 1366 817 1417 Diaconi
851 1384 1045 1425 nomen,
1081 1384 1140 1418 ac
1163 1369 1479 1419 ministerium
1504 1370 1573 1418 in-

168 1436 313 1485 dicat.
384 1436 590 1485 Diaconi
616 1436 742 1485 enim
767 1448 958 1500 semper
981 1436 1178 1486 fuerunt
1219 1439 1574 1503 Episcoporum

166 1516 215 1553 et
241 1504 652 1570 Praesbyterorum
688 1503 917 1562 Ministri,
953 1503 1066 1567 ipsis
1101 1504 1149 1551 in
1191 1507 1337 1554 sacris
1361 1506 1575 1555 functio-

167 1573 309 1620 nibus
333 1572 663 1622 inservienteS.
732 1572 865 1620 Hinc
890 1588 918 1619 a
942 1571 1128 1620 Latinis
1152 1589 1281 1636 saepe
1306 1574 1426 1622 dicti
1460 1584 1572 1622 sunt

165 1640 394 1689 Ministri.
588 1678 590 1680 ψ
985 1672 988 1674 <
1472 1666 1475 1669 ·

230 1707 530 1756 Diaconatus
554 1717 690 1757 recte
715 1706 902 1755 definiri
928 1717 1090 1771 potest
1115 1709 1253 1757 Ordo
1282 1726 1420 1758 sacer
1457 1726 1572 1758 con-

163 1776 323 1824 ferens
346 1786 635 1841 potestatem
673 1775 894 1839 proxime
930 1775 1227 1825 ministrandi
1256 1776 1570 1842 Praesbyteris

160 1860 298 1892 sacra
320 1844 598 1892 solemniter
622 1843 926 1892 facientibus.

229 1911 532 1975 Quintuplex
560 1910 920 1973 Theologorum
956 1911 1196 1960 sententia
1238 1912 1367 1961 circa
1409 1912 1572 1961 diaco·

160 1988 302 2025 natus
348 1979 613 2026 materiam.
702 1979 878 2036 Prima,
921 1994 1035 2041 quae
1084 1992 1158 2029 est
1199 1981 1569 2040 Bonaventurae,

161 2045 401 2103 Durandi‚
441 2046 591 2102 Scoti,
636 2045 832 2123 Morini,
870 2046 1121 2103 Martenii,
1155 2048 1354 2098 Juenini
1380 2060 1429 2098 et
1454 2049 1571 2098 alio-

161 2130 265 2159 rum
292 2113 655 2177 permultorum,
691 2114 843 2178 ipsam
866 2115 916 2161 in
940 2115 1042 2163 sola
1074 2132 1301 2165 manuum
1338 2117 1572 2182 impositi-

161 2197 254 2228 one
279 2181 482 2245 reponit.
552 2181 826 2237 Secunda,
814 2198 862 2229 ln
887 2183 989 2230 sola
1015 2183 1268 2249 Evangelii
1293 2186 1569 2234 traditione.

165 2248 347 2307 Tertia,
399 2265 495 2313 que
535 2260 609 2298 est
657 2250 706 2299 S.
745 2250 962 2308 Thomae,
999 2261 1254 2318 utramque
1302 2254 1568 2317 conjungit

164 2319 349 2370 Quarta
370 2317 505 2366 addit
527 2318 714 2366 stolam.
783 2320 965 2373 Quinta
987 2319 1310 2370 dalmaticam.

230 2386 475 2438 Quantum
516 2385 578 2434 ad
617 2386 835 2444 formam,
872 2398 1113 2451 reponunt
1160 2405 1267 2438 earn
1309 2405 1476 2437 omnes
1518 2389 1568 2436 in

160 2451 385 2515 precibus
424 2453 635 2502 materiae
682 2455 1204 2518 correspondentibus;
1256 2456 1404 2530 idque
1452 2457 1567 2505 satis

165 2529 352 2567 constat
377 2536 439 2568 ex
476 2520 652 2569 dictis'
641 2538 689 2569 m
724 2522 879 2588 prima
912 2533 1050 2588 parte
1075 2524 1345 2580 Tractatus‚
1384 2526 1464 2574 ubi
1503 2525 1566 2573 de

162 2586 316 2673 forma
343 2586 687 2639 ordinationis.

1410 3003 1567 3051 PRO-
