1846 3250
208 214 219 220 ἡ
261 143 364 200 414«
753 141 1189 196 TRACTATUS

275 272 556 330 Sacerdotis
599 273 659 322 sit
699 276 960 335 obsolutio,
997 295 1164 326 verum
1205 287 1279 327 est
1317 279 1702 328 Sacramentum.

273 342 394 395 Quis
419 352 581 389 tamen
608 342 735 390 hanc
762 345 1160 408 consequentiam
1198 347 1465 395 admittet?

282 445 289 450 -
342 409 410 456 R.
448 412 528 456 2⁰·
566 411 677 458 dist.
729 412 951 463 Christus
1000 414 1356 462 matrimonium
1409 412 1707 463 Christiano-

275 491 382 522 rum
419 476 481 524 ad
510 477 814 526 Sacramenti
850 480 1136 543 dignitatem
1177 482 1358 539 evexit,
1394 482 1443 528 id
1483 492 1572 539 est,
1609 481 1708 544 sig-

264 559 391 603 *num
418 545 646 592 sensibile
683 545 891 594 instituit
919 563 1015 609 quo
1051 548 1408 603 matrimonium
1435 548 1711 596 sanctifica-

274 619 410 658 retur
435 622 485 659 et
511 624 880 661 consecraretur
908 631 1005 678 quo
1030 615 1326 663 nubentibus
1354 615 1525 664 Gratia
1548 632 1708 665 sacra-

272 679 496 726 mentalis
516 678 898 743 impenderetur,
935 699 1059 729 conc.
1088 681 1138 728 id
1163 692 1254 740 est,
1291 682 1443 736 voluit
1469 693 1520 729 ut
1545 683 1710 730 matri-

274 745 488 794 monium
517 747 918 807 Christianorum‚
958 749 1102 795 etiam
1141 750 1275 797 nullo
1311 750 1424 806 ritu,
1460 751 1592 797 nulla
1622 751 1707 798 be-

272 813 555 861 nedictione
580 815 917 864 ecclesiastica
940 816 1230 872 accedente,
1265 818 1393 865 foret
1421 817 1706 867 Sacramen-

273 889 394 938 tum,
433 898 538 946 neg.
608 883 743 946 Ergo
769 899 911 931 omne
954 884 1312 935 matrimonium
1341 885 1703 933 Chistianorum

277 958 351 995 est
396 949 783 1006 Sacramentum,
821 950 1034 999 similiter
1073 952 1182 999 dist.
1257 953 1305 999 Si
1342 952 1549 1000 accedat
1584 951 1706 998 ritus

278 1030 307 1061 a
348 1015 543 1063 Christo
591 1016 858 1075 institutus,
895 1036 1020 1067 conc.
1057 1020 1213 1076 aliter,
1252 1038 1356 1085 neg.
1429 1019 1510 1067 Sic
1557 1019 1710 1082 poeni-

276 1082 431 1129 tentia
454 1083 506 1130 fit
536 1084 923 1143 Sacramentum,
963 1086 1158 1148 quando
1199 1085 1439 1136 absolutio
1478 1086 1710 1135 sacerdo-

272 1149 380 1197 talis
404 1149 520 1197 huic
543 1151 839 1214 adjungitur.

284 1254 288 1257 -
342 1217 457 1279 obj.
483 1218 562 1267 7⁰·
606 1219 846 1282 Theologi
891 1235 1057 1267 omnes
1095 1231 1208 1268 ante
1254 1219 1528 1269 Concilium
1572 1219 1710 1267 Trid.

280 1284 571 1333 sententiam
619 1297 798 1333 nostrae
857 1287 1128 1351 oppositam
1187 1304 1275 1352 per
1329 1288 1712 1352 quadringentos

281 1366 434 1400 annos
459 1362 739 1400 tenuerunt.
810 1354 953 1401 Nova
977 1354 1125 1417 igitur
1151 1366 1223 1403 est
1249 1356 1411 1419 opinio
1438 1371 1579 1418 quam
1606 1365 1713 1403 tue-

281 1430 406 1475 mur,
428 1435 486 1468 ac
504 1420 712 1483 primum
738 1438 850 1469 saec.
882 1425 957 1470 16.
987 1439 1015 1470 a
1041 1423 1317 1471 Melchiore
1338 1424 1476 1471 Cano
1494 1422 1714 1479 inventa;

281 1498 400 1550 ergo
426 1489 684 1536 temeraria
709 1500 782 1536 est
807 1505 864 1537 ac
890 1491 1062 1552 procul
1087 1491 1316 1539 arcenda.

295 1589 297 1591 μ
349 1557 414 1603 R.
456 1556 527 1602 1⁰·
563 1572 659 1603 non
685 1557 908 1605 sufficere
944 1567 998 1605 ut
1034 1558 1197 1621 opinio
1232 1556 1520 1606 temeritatis
1543 1566 1708 1605 notam

279 1620 515 1676 incurrat,
553 1624 685 1684 quod
721 1624 827 1671 haec
864 1626 1187 1673 communiter
1229 1626 1571 1689 impugnetur3
1624 1625 1713 1672 sed

281 1699 477 1752 oportet
501 1700 554 1736 ut
579 1691 862 1753 impugnata
882 1691 1031 1738 fuerit
1055 1702 1284 1755 tanquam
1308 1692 1442 1739 Fidei
1467 1691 1708 1755 opposita,

280 1766 515 1821 tanquam
566 1757 828 1821 Scripturis
868 1759 945 1806 vel
972 1759 1260 1810 ,Traditioni
1301 1761 1559 1816 contraria,
1612 1774 1711 1806 non

283 1840 401 1872 vero
440 1833 493 1872 ut
529 1825 737 1888 simplex
778 1825 939 1888 opinio
964 1824 1011 1872 in
1037 1827 1215 1874 scholis
1239 1827 1488 1890 permissa.
1557 1826 1711 1873 Porro

283 1891 526 1955 Theologi
552 1894 634 1956 qui
652 1893 941 1943 sententiam
962 1903 1139 1940 nostrae
1158 1894 1428 1957 oppositam
1448 1892 1556 1940 tuiti
1582 1903 1713 1951 sunt,

280 1959 410 2007 hanc
451 1975 586 2007 suam
628 1961 919 2008 sententiam
956 1961 1285 2010 defenderunt
1317 1961 1621 2010 solummodo
1658 1971 1714 2008 ut

284 2028 563 2091 opinionem
600 2044 689 2075 suo
724 2039 945 2092 tempore
981 2039 1249 2091 receptam,
1286 2045 1379 2076 nec
1416 2044 1520 2075 eam
1550 2027 1713 2091 Scrip-

283 2095 404 2143 turis
429 2105 513 2144 aut
539 2095 822 2144 Traditione
848 2097 1244 2158 comprobarunt,
1281 2113 1374 2144 nec
1405 2105 1617 2142 nostram
1655 2104 1711 2142 ut

285 2163 441 2221 Fidei,
479 2163 744 2226 Scripturis
779 2174 865 2211 aut
901 2163 1172 2210 Traditioni
1214 2163 1485 2227 oppositam
1524 2167 1709 2224 rejece-

281 2239 412 2276 runt.
481 2229 733 2278 Immerito
772 2230 921 2294 igitur
968 2231 1255 2279 temeritatis
1304 2241 1419 2279 nota
1458 2228 1714 2278 sententiae

277 2306 456 2345 nostrae
478 2298 701 2345 inuritur.
1161 2344 1167 2349 .

260 2420 262 2423 y
353 2367 435 2410 20·
488 2364 673 2413 Verum
726 2374 800 2413 est
847 2364 1041 2428 quidem
1088 2363 1378 2415 sententiam
1415 2380 1582 2411 eorum
1628 2364 1713 2426 qui

283 2433 588 2480 contendunt
645 2433 990 2481 contrahentes
1050 2432 1351 2480 Sacramenti
1410 2431 1713 2479 Matrimonii

286 2515 393 2548 esse
449 2498 716 2557 Ministros,
776 2511 890 2549 ante
939 2499 1213 2548 Concilium
1262 2498 1602 2546 Tridentinum
1660 2498 1710 2545 in

285 2566 459 2614 Galliis
505 2567 889 2631 receptissimam
935 2567 1083 2614 fuisse
1124 2583 1188 2619 ac,
1223 2583 1311 2630 pro
1357 2565 1712 2614 Defensoribus

282 2633 509 2681 habuisse
549 2649 638 2681 sex
676 2645 760 2682 aut
799 2646 914 2683 octo
941 2635 1220 2697 Theologos
1250 2633 1330 2696 qui
1362 2634 1410 2680 in
1443 2649 1502 2681 eo
1530 2634 1707 2696 Regno

284 2700 551 2763 praesertim
591 2703 817 2750 floruere.
888 2704 959 2750 At
995 2711 1181 2749 certum
1208 2718 1305 2749 non
1338 2711 1409 2749 est
1435 2701 1483 2746 in
1513 2700 1710 2763 Anglia‚

286 2766 542 2830 Hispania,
581 2768 861 2828 Germania,
897 2768 1063 2818 aliisve
1102 2768 1404 2833 Regionibus
1441 2783 1546 2816 eam
1583 2768 1710 2832 pari-

285 2845 362 2883 ter
385 2834 658 2882 invaluisse.

357 2905 419 2953 30
475 2902 568 2950 His
605 2903 888 2968 Theologis,
924 2919 1129 2968 quorum
1165 2902 1432 2953 auctoritas
1467 2900 1711 2964 objicitur,

1401 2969 1708 3033 opponimus,
