1846 3250
545 150 643 199 DE
663 210 665 212 V
683 148 1181 200 MATRIMONIO.
1474 152 1597 201 2551

151 283 312 347 trique
335 283 521 332 licitum
547 298 655 332 esse
696 299 725 330 a
761 283 1065 347 sponsalibus
1088 282 1289 333 resilire.
1358 284 1432 333 At
1455 300 1572 333 vero

151 351 627 414 probabiliornobis
667 350 859 398 videtur
895 352 1056 414 opinio
1093 368 1261 399 eorum
1298 351 1381 415 qui
1405 352 1575 401 existi-

154 430 288 468 mant
324 434 498 482 sponso
523 418 710 466 licitum
737 433 843 465 esse
869 418 1071 475 resilire,
1109 435 1207 466 non
1232 429 1396 467 autem
1429 435 1576 483 spon-

154 501 237 542 sae,
273 487 387 550 quia
422 486 580 549 ‚longe
627 485 918 533 funestiores
966 485 1129 534 exitus
1187 486 1337 534 habet
1383 496 1577 551 sponsas

156 569 297 615 quam
340 553 502 616 sponsi
548 551 918 608 incontinentia,
955 553 1349 615 quandoquidem
1385 554 1576 618 spurios

157 635 268 667 cum
294 620 524 683 legitimis
547 620 656 668 filiis
679 620 728 667 in
753 619 1064 683 partitionem
1106 620 1404 675 haereditatis
1428 622 1578 669 advo·
1633 659 1641 664 .

154 698 252 735 cat.
325 688 471 737 Unde
496 689 659 736 omnia
682 704 779 736 non
803 696 915 734 sunt
950 687 1102 746 paria,
1140 703 1233 735 nec
1265 687 1410 736 datur
1446 705 1583 739 com·

157 756 427 817 pensationi
456 749 606 803 locus.

227 826 306 871 352·
346 823 601 871 Sufficiunt
636 822 697 871 ad
723 820 1089 870 dissolutionem
1124 791 1421 887 sponsalium
1457 825 1579 873 libe-

157 888 308 938 riores
333 892 582 953 amplexus
607 907 636 938 a
658 906 835 953 sponsa
860 899 972 949 cum
997 889 1156 937 alieno
1182 890 1417 954 permissi,
1467 892 1582 954 quia

158 968 277 1005 tunc
303 959 466 1021 puella
490 959 603 1005 inde
628 958 766 1005 vilior
801 958 872 1014 fit,
908 973 967 1004 ac
993 973 1159 1020 parum
1197 957 1379 1019 pudica
1402 959 1579 1007 merito

157 1025 479 1086 praesumitur.
533 1028 603 1072 At
629 1041 724 1072 non
749 1024 934 1072 idcirco
959 1041 1164 1087 sponsus
1189 1024 1375 1073 resilire
1399 1035 1580 1089 potest,

158 1091 290 1154 quod
314 1101 589 1155 sponsatam
615 1108 732 1155 erga
769 1108 822 1139 se
863 1091 1131 1139 faciliorem
1171 1092 1439 1150 invenerit3
1476 1103 1599 1149 tum⁴

158 1159 273 1221 quia
314 1160 460 1227 fidem
487 1170 537 1208 et
562 1160 724 1207 datam
751 1175 848 1206 non
872 1159 1049 1222 fregit;
1086 1170 1191 1207 tum
1234 1160 1348 1224 quia
1388 1160 1580 1209 facilius

157 1242 334 1290 sponsa
370 1223 548 1290 sponso
588 1227 768 1275 cedere
811 1238 1068 1282 censeter;
1104 1244 1197 1275 nec
1235 1229 1351 1275 licet
1400 1228 1582 1277 inferre

158 1310 264 1342 earn
305 1310 417 1342 cum
456 1295 615 1342 alieno
641 1311 779 1358 aeque
817 1293 1007 1341 facilem
1052 1310 1158 1342 esse
1194 1295 1439 1351 futurarm
1475 1306 1582 1343 tum

159 1361 271 1423 quia
311 1377 516 1426 sponsus
556 1378 657 1409 suae
695 1362 957 1425 compartis
994 1361 1182 1425 lapsum
1213 1362 1303 1410 sibi
1341 1362 1584 1427 imputare

160 1430 327 1476 debet.
1560 1465 1579 1473 -.

227 1499 309 1543 40·
348 1496 509 1544 Datur
532 1496 824 1559 sponsalium
852 1494 1156 1543 dissolutioni
1198 1498 1353 1553 locus,
1392 1496 1583 1546 etiamsi

162 1572 341 1627 sponsa
382 1565 429 1609 vi
470 1564 617 1611 fuerit
658 1578 889 1626 oppressa
930 1578 1017 1609 seu
1059 1563 1121 1609 ad
1164 1564 1349 1611 crimen
1391 1571 1582 1623 coacta,

164 1647 274 1694 cap.
298 1632 498 1695 Raptor,
538 1646 685 1677 casua
716 1633 795 1680 27.
823 1646 867 1690 q.
901 1632 940 1676 1.
980 1630 1127 1676 Ratio
1153 1641 1227 1679 est
1258 1631 1372 1693 quia
1406 1647 1586 1695 sponsa

159 1699 274 1746 inde
317 1698 633 1746 mutationem
677 1697 941 1744 notabilem
979 1696 1143 1754 subiit,
1187 1708 1237 1746 et
1279 1714 1343 1745 ex
1380 1698 1587 1748 aestima-

160 1766 293 1814 tione
319 1765 561 1814 communi
588 1765 725 1812 vilior
749 1765 880 1812 facta
907 1773 995 1811 est.
1069 1765 1314 1813 Praeterea
1333 1781 1441 1813 raro
1468 1783 1586 1814 con·-

161 1833 351 1896 tingere
398 1842 561 1895 potest
610 1843 661 1879 ut
697 1834 757 1879 ab
807 1831 936 1878 omni
984 1831 1313 1893 imprudentia
1361 1835 1584 1881 excusari

161 1902 330 1963 possit,
366 1899 603 1961 valdeque
640 1899 841 1946 dubium
878 1913 939 1944 an
976 1898 1136 1945 nullus
1172 1899 1437 1947 accesserit
1471 1917 1588 1948 con-

160 1983 347 2015 sensus.
1578 1987 1580 1989 ·

233 2035 425 2090 Quoeres
449 2048 507 2080 an
534 2031 793 2080 fornicatio
817 2032 1059 2108 sponsalia
1084 2033 1403 2090 antecedens,
1452 2035 1584 2097 prius

162 2101 398 2162 ignorata,
437 2100 615 2148 deinde
663 2116 777 2148 vero
813 2099 1025 2163 cognita,
1062 2101 1267 2150 sufficiat
1308 2102 1370 2149 ad
1414 2118 1585 2152 eorum

161 2168 524 2217 dissolutionem
542 2154 643 2214 ,9923
652 2177 726 2228 5251
1577 2209 1581 2214 ,

229 2237 291 2284 R.
334 2237 407 2283 10·
442 2251 686 2299 sponsum,
725 2235 787 2282 ob
822 2233 1195 2282 fornicationem
1222 2251 1412 2300 sponsae
1437 2249 1585 2288 antea

161 2300 449 2367 ignoratam,
487 2302 574 2350 sed
603 2319 772 2365 postea
796 2301 1060 2358 detectam,
1098 2303 1203 2351 sine
1245 2304 1396 2353 dubio
1440 2323 1583 2368 posse

162 2370 371 2425 resilire;
412 2380 514 2418 tum
556 2370 671 2446 quia
706 2370 866 2417 viliorv
881 2369 1017 2427 facta
1051 2380 1142 2426 est,
1179 2388 1243 2419 ex
1270 2372 1582 2434 prudentium

154 2437 370 2498 judici03
404 2446 507 2485 tum
534 2438 648 2501 quia
671 2436 941 2484 timendum
980 2447 1054 2484 est
1097 2454 1175 2494 ne,
1212 2440 1301 2486 sub
1339 2441 1586 2489 matrimo-

164 2504 231 2550 nii
256 2503 510 2560 velamine,
547 2521 643 2573 quo
669 2505 853 2553 crimen
884 2504 1151 2568 obtegitur,
1187 2506 1366 2554 deinde
1391 2507 1584 2596 facilius

163 2570 426 2633 delinquat.

233 2640 315 2686 29.
342 2638 730 2687 Controvertitur
749 2655 809 2687 an
829 2654 1004 2710 sponsa
1028 2619 1230 2704 propter
1241 2639 1402 2689 simile
1419 2643 1585 2705 sponsi

165 2704 348 2753 crimen
395 2705 545 2767 possit
581 2706 625 2754 ei
673 2706 836 2754 datam
883 2706 1030 2754 fidem
1079 2709 1343 2756 retrahere.
1431 2710 1580 2759 Ratio

165 2771 420 2820 dubitandi
458 2783 549 2828 est,
585 2773 697 2837 quia
742 2773 905 2837 sponsi
948 2774 1132 2822 crimen
1173 2774 1221 2822 in
1272 2775 1373 2822 viro
1424 2777 1580 2831 minus

163 2850 306 2903 turpe
331 2848 422 2896 est,
457 2839 706 2902 minusque
747 2840 1025 2889 exitiosum.
1100 2842 1347 2906 Quidquid
1373 2842 1451 2899 sit,
1487 2845 1583 2891 sal·

163 2915 263 2955 tem
303 2915 492 2956 certum
529 2907 676 2956 nobis
702 2907 894 2957 videtur
929 2924 1152 2974 sponsam
1192 2925 1334 2975 posse
1377 2909 1580 2969 resilire,

853 2975 892 3023 Z
1541 2978 1581 3030 si
