1846 3250
252 173 352 226 '218
481 232 483 234 ,
661 206 664 207 ⁷
749 177 1177 228 TRACTATUS

247 314 414 369 stituit,
450 319 655 360 tractare
689 314 1103 372 sacramentaliter,
1151 317 1355 382 adeoque
1394 314 1663 366 Sacramen-

248 390 342 430 tum
379 381 631 429 intendere.
712 382 847 430 Unde
878 382 994 430 sieut
1031 384 1110 447 qui
1141 385 1192 432 in
1243 394 1429 449 peccato
1481 386 1662 449 positus

246 446 475 497 celebrare
495 456 694 506 tenetur,
728 452 824 497 ‘non
858 458 1010 514 potest
1033 451 1420 518 metu-sacrilege&
1450 453 1663 502 Com-mu-

248 518 401 564 nionis
425 516 654 565 abstinere
678 534 706 564 a
736 519 1054 575 consecrando,
1090 520 1173 568 sed
1210 521 1338 569 debet
1361 520 1433 569 vel
1453 522 1518 568 ad
1544 522 1664 569 Con·

222 586 492 649 fessarium
517 600 768 639 recurrere,
794 585 865 633 vel
885 602 1037 634 acrem
1072 596 1223 635 actum
1259 589 1548 637 contritionis
1573 587 1656 637 eli-

214 670 375 706 ‚cere‚·
415 653 479 700 sio
516 659 558 700 et
596 653 683 701 sibi
721 653 879 701 iisdem
925 656 1071 702 modi-s
1107 655 1341 704 consulere
1374 656 1528 716 debet,
1582 656 1658 705 cui

242 721 446 769 imminet
472 737 563 768 una
588 738 686 768 cum
702 729 893 784 peccato
917 730 1090 786 tempus
1107 725 1390 787 nuptiarum.

319 790 508 850 Quaeres
532 790 612 834 30·
647 798 805 836 utrum
837 789 993 837 valeat
1015 791 1396 838 ·Matrimonium
1428 789 1553 843 inter
1578 791 1661 839 ab·

246 867 407 904 sentes
448 872 542 919 -per
593 857 964 904 Procuratorem
1014 857 1202 915 initum,
1257 868 1307 906 et
1360 868 1520 906 utrum
1564 859 1662 907 tale

244 924 609 972 Matrimonium
633 925 931 974 Sacramenti
955 926 1191 974 rationem
1215 926 1434 975 habeat?

313 994 375 1041 R.
418 995 495 1038 10·
528 991 648 1039 iliud
673 993 832 1043 valere
863 993 911 1039 in
957 994 1143 1053 ratione
1183 1005 1476 1052 cont1·actuS‚
1515 994 1661 1043 etiam

243 1070 352 1123 post
393 1060 662 1108 Concilium
692 1060 827 1108 Trid.
872 1061 1042 1109 Prima·
1064 1062 1186 1109 ratio
1229 1072 1303 1110 est
1341 1062 1453 1126 quia
1491 1077 1657 1110 omnes

239 1138 521 1176 contractus
548 1128 627 1191 qui
655 1145 892 1176 consensu
917 1130 1251 1197 perficiuntur,
1276 1130 1402 1178 inter
1427 1130 1650 1178 absentes

233 1213 321 1259 per
348 1196 695 1243 Procuratoem
730 1197 951 1244 contrahi
987 1208 1205 1258 possunt.
1302 1198 1528 1246 Secunda
1575 1208 1650 1245 est

241 1263 492 1326 quianec
542 1264 762 1311 Christus
811 1265 1177 1312 Matrimonium
1231 1266 1293 1312 ad
1353 1264 1653 1314 Sacramenti

241 1330 527 1395 dignitatem
555 1332 782 1390 evehens,
824 1349 917 1380 nec
957 1333 1183 1381 Ecclesia
1223 1344 1497 1382 contractus
1539 1349 1654 1381 eon-

240 1399 445 1448 nubialis
470 1410 688 1447 naturam
715 1400 1001 1448 immutavit.
1094 1401 1262 1448 Tertia
1298 1402 1420 1449 ratio
1445 1412 1518 1449 est
1544 1400 1654 1464 quia

241 1470 407 1532 Reges
433 1478 481 1516 et
508 1468 755 1532 Principes
778 1467 883 1516 fere
921 1485 1087 1516 ornnes
1128 1470 1293 1517 solent·
1308 1469 1444 1517 hisce
1466 1458 1651 1525 diebus,

238 1553 335 1583 non
378 1536 681 1599 improbante
725 1535 965 1592 Ecclesia,
1001 1553 1201 1599 sponsas
1243 1554 1329 1601 per
1363 1538 1653 1586 Procurato-

237 1620 338 1651 rem
366 1604 563 1658 ducere,
599 1619 657 1650 ea
681 1604 882 1667 proinde
923 1605 1236 1653 Matrimonia
1268 1606 1439 1654 saltem
1464 1616 1517 1653 ut
1541 1621 1653 1653 con·-

236 1682 420 1720 tractus
445 1672 622 1718 valent.
1148 1676 1150 1680 ⁴

298 1739 423 1787 >Dixi
457 1750 640 1795 autem,
678 1738 820 1786 etiam
858 1748 966 1802 post
1006 1738 1194 1787 Concil.
1237 1739 1372 1787 Trid.
1417 1741 1535 1804 quia
1563 1740 1651 1787 im-

237 1807 410 1855 merito
436 1806 630 1869 quidam
659 1807 897 1869 Theologi
940 1823 1000 1854 ex
1037 1807 1137 1855 istis
1165 1808 1351 1856 Concil.
1375 1808 1507 1855 Trid.
1533 1824 1647 1856 sess.

238 1879 388 1923 2412.
417 1880 459 1923 1.
495 1875 658 1931 verbiS,
703 1874 963 1931 ParockuS,
1000 1876 1104 1923 viro
1138 1884 1183 1924 et
1221 1875 1411 1923 muliere
1449 1877 1649 1930 interro-

230 1946 375 2011 gatis,
412 1950 456 1991 et
483 1960 639 1992 eorum
673 1959 890 1991 consensu
931 1942 1170 1999 intellecto,
1207 1943 1350 1998 dicat,
1386 1961 1468 2008 ego
1491 1961 1568 1991 vos
1602 1944 1650 1990 in

238 2012 596 2075 Matrimonium
654 2013 894 2076 conjungo,
977 2012 1278 2058 concludunt
1346 2011 1647 2074 praesentiam

236 2079 445 2144 partium
474 2095 579 2126 esse
616 2079 957 2137 necessarium,
994 2089 1048 2126 ut
1084 2095 1257 2142 nempe
1295 2079 1478 2142 possint
1502 2079 1648 2125 inter·

235 2148 414 2210 rogari.
502 2146 642 2193 Enim
664 2161 778 2191 vero
802 2146 928 2193 sieut
965 2158 1125 2210 partes
1152 2157 1352 2210 possunt
1374 2147 1422 2193 in
1449 2146 1648 2194 diversis

236 2213 567 2263 contractibus
624 2229 713 2276 per
772 2214 1143 2261 Procuratorem
1215 2216 1505 2271 consentire,
1576 2213 1651 2261 sic

237 2284 381 2331 etiam
408 2291 610 2345 possunt
635 2281 946 2344 respondere,
984 2282 1094 2343 quia
1134 2281 1356 2328 nimirum
1382 2282 1419 2328 si
1444 2283 1647 2344 physice

236 2355 330 2400 sint
361 2352 600 2404 absentes,
640 2349 883 2396 moraliter
923 2349 1092 2396 saltem
1135 2359 1396 2413 praesent-es
1421 2360 1547 2404 sunt,
1583 2348 1646 2394 vi-

239 2421 416 2468 delicet
440 2434 526 2481 per
556 2418 844 2481 Deputato's.
1017 2466 1019 2468 ,

265 2507 269 2510 ⁴
309 2491 548 2538 Caeterum
574 2485 850 2549 procuratio
883 2484 945 2531 ad
987 2482 1369 2531 contrahendum
1397 2483 1650 2530 Matrimo-

164 2578 171 2581 >
238 2558 369 2604 nium
413 2553 558 2601 alicui
599 2568 846 2609 concessa,
892 2555 966 2604 19·
1001 2552 1147 2599 debet
1190 2567 1296 2598 esse
1319 2551 1557 2614 specialis,
1600 2552 1651 2598 id

239 2635 330 2677 est,
366 2639 454 2686 pro
480 2621 562 2669 tali
589 2637 744 2669 uxore
775 2619 1015 2677 ducenda,
1053 2635 1116 2666 ex
1152 2620 1289 2682 Lege
1328 2620 1541 2682 generali
1568 2624 1649 2667 34.

239 2693 286 2738 ff.
307 2692 366 2738 de
391 2690 505 2738 Ritu
531 2690 833 2753 Nuptiarum,
872 2704 1014 2750 quam
1053 2699 1248 2734 secutus
1275 2699 1347 2735 est
1371 2687 1648 2737 Boni-facins

240 2759 383 2806 VIII.
404 2758 453 2803 in
478 2757 637 2819 capite
664 2756 968 2805 Procurator.

308 2829 388 2874 ⁶20·
411 2824 708 2886 Requiritur
732 2836 785 2871 ut
811 2824 1101 2871 Procurator
1126 2840 1210 2887 per
1236 2840 1288 2871 se
1312 2839 1414 2870 rem
1434 2836 1647 2886 exequa-

240 2907 336 2952 tur,
373 2909 467 2940 non
509 2907 596 2954 per
633 2891 795 2951 alium,
833 2891 919 2940 nisi
959 2891 1054 2939 hoc
1085 2891 1361 2956 specialiter
1404 2890 1561 2939 eidem
1584 2889 1645 2941 sit

237 2962 561 3023 'commissuro-
1657 3007 1659 3009 .

1256 3026 1331 3073 3⁰·
1370 3022 1651 3089 Requiritur
