1846 3250
553 197 667 252 ,DE
707 187 1017 246 ORDINE„
1426 189 1524 247 10²5

96 352 189 384 nec
215 335 275 383 ab
303 331 548 398 Apostolis
565 338 705 395 jussu
732 332 909 382 Christi
934 331 1082 380 fuisse
1107 332 1394 390 institutum,
1420 351 1507 382 seu

97 411 409 480 praeceptum.
480 401 612 464 Nihil
639 401 764 450 enim
790 401 837 447 in
883 399 1143 463 Scripturis
1184 412 1278 448 aut
1303 402 1512 450 Traditi-

98 489 191 519 one
223 471 477 537 reperitur,
514 487 611 534 quo
646 469 839 534 probari
863 469 1014 532 possit
1039 479 1323 532 perpetuam
1351 469 1506 517 conti

96 540 307 587 nentiam
331 539 480 587 sacris
506 536 743 586 Ministris
784 553 812 585 a
837 536 1032 586 Christo
1059 538 1132 584 vel
1172 538 1236 584 ab
1260 538 1507 600 Apostolis

89 613 226 668 Jussu
275 604 453 656 Christi
500 606 647 655 fuisse
694 606 981 669 impositam.
1075 605 1289 653 Aliunde
1336 608 1507 669 graecis

97 675 441 723 Sacerdotibus
459 692 681 731 uxorum,
702 691 820 738 quas
845 683 958 721 ante
978 672 1349 722 Ordinationem
1367 691 1504 723 suam
1551 700 1560 713 ·

81 753 401 807 acceperant,
439 760 575 790 usum
622 749 722 805 jam
765 759 793 790 a
840 743 1002 789 multis
1049 741 1238 788 saeculis
1287 745 1505 821 permisit.

80 811 334 868 Ecclesia,
372 823 424 859 et
446 811 708 859 etiamnum
731 801 983 875 permittit
1020 811 1088 857 uti
1125 818 1316 857 constat
1342 827 1405 858 ex
1446 812 1504 858 iis

92 895 199 942 quae
240 890 382 928 antea
427 878 657 927 diximus.
746 878 901 941 Atqui
950 878 1176 925 Ecclesia
1223 877 1502 941 dispensare

84 963 189 994 non
230 957 390 1013 potest
428 964 456 994 a
492 948 603 1010 lege
639 964 725 1011 per
752 946 995 996 Christum
1037 947 1114 993 vel
1154 947 1213 993 ab
1251 948 1501 1010 Apostolis

83 1020 221 1076 ¹iussu
257 1015 435 1065 Christi
459 1015 695 1079 imposita.

158 1083 432 1131 Dicendum
458 1083 605 1147 igitur
630 1094 702 1131 est
727 1084 885 1147 legem
911 1093 1157 1147 perpetuae
1184 1082 1496 1132 continentiae

91 1151 238 1199 sacris
272 1152 508 1200 Ministris
543 1151 834 1216 impositam,
869 1152 1016 1199 fuisse
1053 1152 1197 1199 latam
1241 1152 1300 1198 ab
1329 1152 1501 1201 Eccle-

90 1220 177 1277 sia,
214 1237 297 1267 seu
335 1222 394 1268 ab
446 1221 695 1296 Apostolis
744 1231 796 1267 ut
834 1220 1163 1268 Ecclesiarum
1204 1221 1498 1271 Rectoribus

38 1283 41 1284 ⁷
92 1304 151 1334 ac
189 1288 427 1343 Ducibus,
476 1287 560 1359 qui
603 1289 729 1335 illam
757 1299 1113 1351 proposuerunt
1138 1305 1233 1335 non
1282 1298 1333 1335 ut
1382 1290 1502 1335 divi

92 1372 201 1402 nam
229 1366 276 1403 et
301 1350 666 1412 immutabilem,
702 1356 787 1403 sed
829 1367 878 1402 ut
916 1357 1074 1418 legem
1100 1355 1498 1412 ecelesiasticam,

11 1437 15 1442 ·
92 1433 144 1470 ut
204 1424 429 1486 optimam
491 1422 727 1471 Ecclesiae
789 1423 1179 1470 administiandae
1238 1424 1498 1483 iationem,

88 1502 142 1538 ut
184 1491 482 1554 disciplinam
519 1491 666 1539 sacris
703 1490 923 1539 altarium
950 1491 1186 1539 Ministris
1212 1493 1502 1552 convenien

94 1559 339 1607 tissimam.

157 1628 234 1674 Ex
259 1628 331 1675 his
355 1636 489 1691 patet
528 1603 685 1691 legem
713 1627 966 1675 coelibatus
1010 1644 1113 1687 esse
1145 1603 1295 1675 simul
1334 1630 1496 1679 eccle-

88 1695 329 1743 siasticam
372 1707 422 1743 et
461 1697 798 1759 apostolicam,
837 1712 897 1743 eo
944 1694 1166 1751 nimirum
1209 1713 1352 1745 sensu
1400 1715 1499 1761 quo

88 1781 187 1811 rem
226 1763 369 1812 modo
411 1765 738 1842 exposuimus.
814 1764 944 1811 Hinc
991 1766 1040 1812 S.
1071 1765 1247 1829 Epiph.
1271 1765 1383 1812 haer.
1409 1771 1489 1814 48.

88 1849 134 1878 n.
159 1834 205 1881 7.
244 1833 309 1880 ait
349 1832 506 1896 legem
532 1833 669 1880 istam
708 1832 767 1880 ab
802 1832 1037 1894 Apostolis
1077 1833 1261 1882 honeste
1300 1851 1354 1881 ac
1389 1834 1497 1882 reli-

82 1901 214 1964 giose
237 1901 504 1947 institutam
529 1916 650 1948 esse.
676 1900 784 1947 Nec
810 1899 949 1946 alitei
974 1900 1277 1964 intelligendi
1291 1912 1400 1949 sunt
1417 1903 1497 1949 alii

91 1969 259 2015 Patres
290 1967 371 2028 qui
398 1967 626 2015 dixerunt
652 1966 899 2031 Apostolos
930 1966 1058 2015 illam
1082 1969 1250 2032 legem
1277 1971 1496 2028 docuisse,

89 2045 173 2082 aut
197 2035 474 2082 servavisse.

155 2103 313 2151 Dices.
352 2103 448 2150 Tit.
481 2105 521 2149 l.
562 2104 757 2168 Oportet
776 2103 1497 2169 Epzscopwmessecontz'nentem.

93 2174 114 2217 1
125 2169 351 2219 ‚T'rmoth.
376 2173 427 2220 4.
449 2170 720 2234 Exemplum
744 2179 838 2220 esto
860 2173 1088 2221 deelzum
1095 2209 1195 2224 ......
1200 2175 1249 2223 in
1270 2172 1498 2223 castitate.

88 2239 169 2286 Et.
198 2255 241 2286 c.
266 2243 312 2288 5.
355 2240 461 2287 Te
443 2255 592 2304 zpsum
614 2245 787 2288 castum
817 2241 1024 2289 custodi.
1080 2242 1213 2305 Ergo
1254 2243 1335 2290 lex
1379 2259 1494 2290 con-

85 2306 295 2354 tinentiae
336 2307 495 2355 divina
519 2316 610 2365 est,
647 2323 758 2354 cum
797 2307 864 2355 ibi
896 2313 1035 2370 jussu
1063 2310 1241 2359 Christi
1267 2311 1493 2374 loquatur

90 2375 369 2447 Apostolos.
846 2401 848 2403 ·
1116 2401 1119 2404 ⁴

151 2442 217 2489 R.
252 2436 388 2490 Datd
409 2430 707 2520 Apostolum
726 2441 806 2492 hic
825 2449 963 2505 jussu
989 2444 1168 2494 Christi
1210 2461 1315 2494 esse
1356 2447 1494 2495 locu-

85 2519 205 2567 tum,
247 2510 342 2571 dici
372 2526 513 2574 posse
550 2511 825 2561 castitatem
868 2529 1012 2576 quam
1048 2513 1143 2561 hic
1170 2514 1500 2572 commendat,

85 2593 181 2623 non
204 2594 309 2626 esse
346 2579 692 2627 continentiam
727 2581 787 2627 ab
814 2581 1045 2628 uxoribus
1085 2581 1246 2629 ductis
1285 2583 1363 2630 vel
1401 2583 1490 2632 du-

88 2644 269 2702 cendiS,
305 2646 389 2693 sed
408 2647 751 2695 continentiam
776 2648 836 2696 ab
872 2648 1093 2697 omnibus
1117 2649 1297 2697 illicitis
1320 2651 1494 2717 volup-

85 2711 278 2770 tatibus,
313 2729 428 2776 quae
443 2714 587 2764 etiam
611 2716 675 2763 ab
693 2717 908 2765 uxoratis
926 2718 1118 2765 servari
1129 2718 1292 2766 debet·
1365 2720 1494 2768 Cum

87 2790 248 2827 tamen
289 2779 480 2830 difficile
517 2783 777 2831 admodum
819 2784 880 2833 sit
916 2795 971 2833 ut·
1007 2776 1152 2834 rebus
1187 2786 1334 2834 sacris
1381 2803 1495 2850 per-

85 2847 349 2895 tractandis
383 2848 526 2897 liber
536 2851 614 2908 sit,
660 2851 790 2900 sicut
815 2863 1024 2917 oportet,
1061 2854 1133 2901 vir
1158 2863 1392 2902 uxoratus
1416 2871 1491 2902 ac

86 2915 209 2963 filios
246 2915 449 2974 habens,
483 2916 666 2968 idcirco
690 2919 1040 2984 sapientissime
1071 2922 1224 2971 voluit
1249 2917 1496 2979 Ecclesia,

88 2993 212 3050 post
219 2984 516 3049 Apostolos
503 3001 554 3048 m
577 3002 636 3036 eo
668 2996 723 3035 ut
749 2988 981 3039 Ecclesiae
1009 2991 1251 3040 Rectores
1270 2998 1497 3050 agenteS,

688 3054 735 3102 K
758 3058 787 3102 3
1244 3055 1501 3106 Ministroz
