1846 3250
565 177 660 226 DE
676 144 679 146 ’
698 174 1193 230 MATmMomo.
1510 184 1613 229 ‘³93

188 316 403 373 Pothier,
448 313 493 363 T
490 313 612 362 rante
643 313 708 361 du
744 312 988 378 Mariage,
1026 322 1126 360 tom
1174 314 1215 357 l.
1257 326 1306 374 p.
1345 316 1460 362 451.
1472 313 1616 411 edit.

187 385 258 431 in·
265 386 342 431 12.

265 451 457 509 Quoeres
498 452 582 498 90·
625 456 775 510 quoto
810 457 1032 510 tempore
1085 462 1207 510 opus
1255 445 1317 494 sit
1352 445 1414 493 ad
1451 448 1618 508 acqui-

190 519 394 566 rendum
423 522 504 579 J'us
530 515 760 564 domicilii
802 514 849 561 in
892 515 1051 576 aliqua
1079 514 1321 562 Parochia
1361 514 1408 560 in
1447 513 1620 561 ordine

189 585 249 634 ad
275 584 633 632 matrimonium
659 583 1047 631 contrahendum
1069 584 1086 631 ἓ

199 672 207 677 ’·
256 655 318 702 R.
361 657 421 701 1⁰·
457 651 727 715 generatim
777 651 1001 698 sufficere
1054 649 1405 698 habitationem
1449 649 1498 695 in
1534 649 1618 697 ali-

187 737 282 784 quo
307 721 419 768 loco
445 737 553 784 quae
577 718 638 767 sit
663 719 804 766 bonae
843 719 959 766 fidei
994 728 1044 766 et
1071 735 1181 766 curn
1209 719 1369 766 animo
1394 717 1460 765 ibi
1487 733 1622 765 com-

186 788 428 846 morandi,
465 804 560 835 non
598 796 761 835 autem
797 787 900 834 sola
942 786 1126 835 itineris
1164 796 1247 834 aut
1276 785 1619 834 oblectationis

190 873 357 914 causa,
391 866 440 905 et
466 871 577 903 cum
604 854 764 903 animo
789 854 924 903 brevi
963 863 1185 919 tempore
1217 855 1280 903 ad
1304 854 1506 919 primam
1533 854 1645 900 lia--

187 923 472 972 bitationem
498 922 790 971 revertendi.
836 949 842 954 -
1467 918 1490 922 ”
1589 941 1592 945 ⁴

258 994 339 1038 20·
375 993 433 1038 In
471 991 659 1047 Galliis,
717 1005 780 1037 ex
836 989 1013 1036 Edicto
1069 988 1312 1037 Ludovici
1367 989 1506 1037 XIV.
1542 1004 1619 1036 an.

122 1086 130 1093 ⁴
195 1060 338 1109 1697.
374 1061 609 1105 statutum
646 1066 720 1104 est
755 1056 816 1104 ad
871 1057 1169 1105 domicilium
1217 1057 1266 1103 in
1302 1056 1466 1121 aliquo
1506 1057 1622 1104 loco

191 1126 539 1189 acquirendum
587 1125 636 1172 in
684 1124 854 1172 ordine
923 1124 987 1171 ad
1045 1124 1404 1173 matrimonium
1455 1141 1618 1172 coram

187 1195 315 1241 illius
350 1194 444 1242 loci
484 1192 708 1241 Parocho
745 1192 1151 1251 contrahendum,
1211 1192 1389 1255 requiri
1431 1192 1620 1240 habita-

191 1263 371 1309 tionem
407 1277 496 1309 sex
549 1260 805 1318 mensium,
865 1260 904 1308 si
965 1271 1127 1325 partes
1179 1261 1312 1325 prius
1347 1261 1394 1307 in
1445 1260 1618 1308 eadem

190 1329 409 1378 Dioecesi
463 1338 774 1376 commoratae
825 1328 958 1382 sint;
995 1327 1417 1393 requiritur-“vero
1480 1328 1617 1376 habi-

189 1398 308 1444 tatio
345 1396 485 1444 unius
523 1397 650 1452 anni,
688 1396 727 1443 si
764 1396 1109 1444 contrahentes
1148 1413 1208 1445 ex
1255 1396 1349 1444 alia
1396 1395 1618 1444 Dioecesi

188 1465 516 1528 migraverint.
606 1465 813 1512 Possunt
852 1474 1013 1512 tamen
1052 1482 1115 1512 ex
1154 1466 1327 1513 eodem
1394 1465 1617 1513 Decreto

190 1532 397 1581 Parochi
435 1531 741 1579 matrimonio
779 1548 862 1579 eos
897 1537 1213 1595 conjungere,
1274 1532 1356 1596 qui
1419 1542 1619 1595 per-‘'to-

189 1612 291 1648 tum
329 1601 450 1648 illud
486 1611 680 1663 tempus
715 1600 762 1645 in
800 1616 887 1646 sua
924 1600 1164 1648 parochia
1200 1616 1295 1647 non
1332 1610 1444 1647 sunt
1484 1616 1617 1647 com-

189 1669 380 1725 morati,
436 1667 586 1714 modo
632 1669 898 1714 bannorum
947 1667 1340 1730 proclamationis
1389 1667 1621 1716 testifica-

190 1737 370 1784 tionem
409 1734 687 1798 receperint
729 1751 757 1782 a
800 1734 1032 1782 Parochis
1068 1736 1143 1784 vel
1195 1736 1453 1799 Episcopis
1483 1736 1618 1783 loco-

190 1821 312 1880 rum,
351 1804 433 1851 ubi
461 1802 806 1851 contrahentes
848 1819 934 1866 per
977 1813 1168 1873 tempus
1195 1804 1340 1850 modo
1366 1804 1617 1880 praefixum

190 1872 322 1935 prius
359 1870 640 1919 commorati
678 1880 806 1917 sunt.
901 1870 1035 1917 Huic
1080 1866 1428 1919 Constitutioni
1470 1872 1620 1934 regiae

192 1950 521 1987 consentanea
546 1948 618 1985 est
644 1938 793 1985 totius
821 1937 1059 1985 Ecclesiae
1085 1939 1356 1986 Gallicanae
1379 1939 1559 2003 praxis.

260 2010 338 2054 30·
378 2006 522 2054 Adeo
559 2006 728 2053 stricte
764 2006 1049 2053 observatur
1089 2006 1209 2053 illud
1254 2007 1525 2055 Decretum
1563 2017 1619 2054 ut

195 2075 339 2122 Gallo
365 2091 461 2121 non
487 2074 633 2121 liceat
661 2074 934 2136 Regionem
975 2074 1282 2137 Principibus
1320 2074 1495 2122 nostris
1520 2091 1619 2121 non

192 2142 433 2190 subditam
460 2152 644 2205 petere,
674 2151 725 2188 ut
751 2141 815 2188 ibi
837 2151 1007 2189 contra
1033 2152 1250 2190 tenorem
1280 2142 1405 2190 illius
1434 2143 1617 2200 Edicti‚
1688 2196 1700 2202 x

191 2229 234 2257 v.
283 2228 330 2274 g.
366 2222 475 2273 post
510 2210 695 2273 aliquot
730 2209 834 2256 dies
883 2210 956 2256 vel
994 2210 1324 2258 hebdomadas
1372 2210 1620 2262 matrimo-

191 2279 320 2325 nium
360 2278 690 2325 contrahatur.
787 2278 864 2325 Ita
916 2277 976 2324 ab
1014 2278 1186 2326 eodem
1243 2278 1436 2327 Ludov.
1473 2277 1616 2327 XIV.

191 2355 424 2394 statutum
478 2355 567 2393 est.
665 2344 989 2407 HInc‚Juxta
1034 2347 1330 2394 collatorem
1379 2347 1621 2394 Parisien-

192 2431 310 2470 sem,
345 2413 556 2460 invalida
608 2422 721 2460 sunt
768 2413 1072 2461 matrimonia
1114 2415 1369 2462 Gallorum
1414 2430 1521 2477 quae
1568 2415 1616 2460 in

191 2480 688 2543 alieniS-Regionibus
726 2480 774 2526 in
808 2480 1032 2528 fraudem
1074 2482 1216 2542 hujus
1243 2481 1391 2544 Legis
1425 2492 1618 2530 contra·

192 2550 389 2603 huntur,
417 2548 529 2611 quia
555 2565 650 2595 non
676 2548 986 2596 celebrantur
1010 2566 1036 2597 a
1062 2549 1257 2613 proprio
1286 2550 1525 2598 parocho.

263 2622 328 2664 4⁰·
367 2616 648 2663 Notandum
675 2626 746 2663 est
774 2634 884 2664 eum
925 2616 1006 2680 qui
1045 2634 1133 2681 per
1174 2618 1284 2665 anni
1319 2617 1616 2666 curriculum

193 2683 388 2731 circiter
445 2699 534 2731 sex
593 2686 837 2732 mensibus
892 2701 1035 2732 unam
1093 2685 1378 2734 Parochiam
1429 2686 1616 2742 incolit,

192 2763 310 2815 puta
337 2752 584 2808 urbanam,
614 2768 715 2799 -sex
743 2769 856 2800 vero
898 2752 1001 2800 aliis
1043 2753 1289 2801 mensibus
1332 2765 1451 2817 puta
1475 2754 1620 2800 rusti-

194 2835 318 2875 cam,
367 2819 607 2866 sufficiens
642 2819 690 2866 in
734 2831 937 2883 utraque
996 2821 1294 2869 domicilium
1343 2820 1616 2884 acquirere,

187 2887 415 2949 adeoque
474 2902 615 2950 posse
666 2903 829 2936 coram
883 2898 1115 2953 utroque
1143 2889 1365 2937 Parocho
1412 2889 1617 2936 nubere.

197 2954 369 3003 'jutius
395 2963 554 3004 tamen
589 2970 647 3003 ac
686 2956 982 3006 consultius
996 2968 1075 3007 est
1107 2958 1167 3005 ab
1209 2958 1364 3006 altero
1391 2955 1615 3002 Pax-ocho

1368 3023 1613 3072 licentiam
