1846 3250
231 197 334 248 428
745 192 1174 244 TRACTATUS

237 330 397 395 Igitur
426 327 757 380 Abrahamum
781 336 1006 382 excusat
1014 343 1074 375 eo
1096 327 1229 391 quod
1255 325 1542 393 polygamia
1557 344 1667 392 quse

237 348 384 446 aegtate
424 397 476 445 S.
512 395 748 447 Doctoris
800 394 1091 447 adulterium
1126 405 1249 449 erat
1296 407 1346 443 et
1381 396 1667 452 vocabatur,

240 476 468 559 tempore
488 463 644 511 sancti
670 462 965 510 Patriarchae
1006 478 1103 509 non
1142 473 1269 510 esset
1293 464 1432 525 Lege
1457 462 1672 526 prohibi-

240 542 307 580 t—a.
401 532 516 579 Non
537 529 691 592 igitur
715 529 1011 577 existimavit
1034 528 1250 576 illicitam
1273 529 1428 577 fuisse
1450 529 1672 585 Abr-aha

240 599 307 646 mi
332 596 674 663 polygamiam.
763 597 1074 648 Adulterium
1102 606 1266 645 autem
1295 597 1374 644 hic
1399 596 1555 659 accipi
1577 609 1672 660 pro

240 665 524 730 polygamia
548 674 739 716 constat
771 668 821 711 1Ο
827 680 839 692 ·
864 681 927 711 ex
972 663 1197 726 eoquod
1220 663 1309 711 nisi
1336 680 1412 711 res
1436 663 1507 711 sic
1532 663 1674 711 intel-

241 734 440 796 ligatur,
501 732 764 780 dicendum
824 731 949 778 foret
1013 731 1063 781 S.
1106 731 1376 783 Doctorem
1423 730 1672 793 ignorasse

242 799 539 853 adulterium
592 808 815 861 tempore
854 797 1126 846 Abrahami
1177 798 1348 846 fuisse
1374 797 1673 861 prohibitum

244 867 409 930 aliqua
444 868 618 929 Lege:
655 866 784 928 quod
820 865 1106 917 incredibile
1142 875 1233 913 est.
1320 868 1402 914 2⁰·
1454 864 1581 918 Quia
1619 865 1671 912 S.

246 935 442 982 Doctor
482 933 763 996 conjugium
810 932 1077 981 Abrahami
1114 948 1225 979 cum
1269 934 1408 1011 Agar
1463 932 1678 996 appellat

246 1010 418 1065 myster
420 1019 532 1057 zum,
556 1019 647 1049 non
680 1008 942 1063 peccatum.
1020 998 1108 1048 Si
1105 1000 1257 1047 enim
1271 999 1556 1063 conjugium
1580 997 1681 1045 hoc

246 1069 510 1116 illicitum
504 1083 600 1118 ac
624 1083 792 1122 verum
837 1051 1130 1119 adulterina}
1180 1066 1534 1123 existimasset,
1547 1065 1678 1113 -illud

246 1136 437 1200 procul
447 1134 597 1182 dubio
622 1133 823 1183 dixisset
846 1143 1126 1216 peccatum,
1151 1150 1249 1181 non
1274 1130 1592 1198 mysterium.
1646 1164 1649 1166 -

316 1203 464 1251 Dices
505 1204 591 1249 20·
628 1206 676 1250 3.
712 1202 840 1265 Reg.
876 1217 998 1264 cap
1029 1204 1107 1248 11.
1160 1202 1401 1253 Uxor-um
1427 1199 1678 1264 pluralitas

245 1269 299 1316 in
352 1270 545 1333 culpam
568 1284 722 1317 versa
771 1278 858 1317 est
899 1266 1163 1316 Salomoni.
1205 1268 1400 1331 Ergo
1441 1282 1563 1321 non
1583 1266 1684 1315 fuit

247 1335 436 1386 Judaeis
458 1337 632 1384 licita.
1207 1362 1209 1364 v
1268 1364 1272 1371 =

258 1403 383 1452 R.
401 1404 518 1453 dist.
553 1405 611 1451 In
639 1403 827 1451 crimen
868 1364 1118 1455 Solomoni
1140 1411 1280 1454 versa
1315 1411 1392 1450 'est
1427 1370 1680 1465 plura-litas

247 1452 648 1534 alienigenarum,
707 1488 835 1519 conc.
894 1486 1138 1518 uxorum
1140 1487 1264 1535 per
1303 1486 1355 1517 se
1394 1468 1679 1532 pluralitas,

248 1539 443 1587 subdist.
472 1560 475 1564 <
497 1537 756 1587 Pluralitas
780 1538 843 1585 ad
867 1536 1678 1600 scandalum·‹rnultiplicata‚·eonc.

247 1621 410 1661 secus,
459 1622 563 1670 neg.
634 1606 786 1653 Gravi
822 1604 1046 1652 nimitum
1088 1604 1469 1668 reprehensione
1492 1603 1682 1666 dignus

245 1672 344 1719 fuit
370 1672 619 1729 Solomon,
657 1671 789 1735 quod
813 1671 937 1721 lieet·
956 1681 1028 1718 tot
1051 1672 1303 1721 benefieiis
1322 1688 1351 1720 a
1371 1672 1483 1722 Deo
1508 1682 1678 1718 cumu-

245 1739 376 1787 tatus
407 1742 509 1803 jam
544 1755 709 1787 senex
754 1738 1089 1786 adamaverit
1107 1733 1348 1789 mulieres
1374 1736 1681 1798 alienigenas

247 1807 445 1862 multaS,
484 1814 550 1854 et
558 1805 760 1854 fuerint
771 1805 823 1853 ei
860 1817 1059 1854 uxores
1070 1805 1223 1869 quasi
1260 1804 1467 1867 Reginae
1492 1806 1609 1856 700
1631 1813 1682 1851 et

250 1873 556 1927 Concubinae
580 1876 694 1921 300.
721 1872 852 1935 quod
887 1872 938 1919 si
964 1872 1091 1923 intra
1133 1871 1283 1935 patris
1324 1871 1501 1919 limites
1526 1870 1687 1918 stetis-

247 1950 342 1999 set,
378 1956 478 1989 non
512 1940 627 1989 inde
664 1940 818 2004 magis
855 1955 999 2003 qua-m
1035 1939 1132 1986 ille·
1157 1939 1404 2003 vituperio*
1442 1938 1683 1985 obnoxius

244 2007 434 2056 fuisset.
914 2035 918 2042 -

326 2074 624 2134 Qecoer2310·
660 2073 790 2123 unde
825 2072 932 2122 fieri
979 2071 1140 2137 potuit
1189 2083 1242 2121 ut
1297 2070 1595 2120 Patriarchae
1630 2080 1679 2119 et

247 2142 412 2190 Judaei
447 2142 582 2190 licite
618 2151 669 2190 et
702 2141 805 2189 sine
832 2142 977 2204 culpa
1010 2141 1174 2204 plures
1209 2155 1388 2188 uxores
1424 2140 1679 2195 haberent,

249 2225 364 2257 cum
399 2209 651 2272 pluralitas
686 2224 896 2256 uxorum
933 2208 1174 2271 primaevae
1222 2206 1512 2254 institutioni
1552 2215 1681 2253 esset

249 2276 509 2334 contraria,
545 2274 810 2338 primisque
835 2275 1107 2322 hominibus
1135 2278 1247 2334 ¹jure
1273 2273 1435 2321 divino
1473 2271 1683 2336 prohibi-

246 2344 340 2391 ta?

316 2403 388 2456 R.
424 2424 512 2472 per
548 2407 758 2455 divinam
782 2406 1193 2470 dispensationem
1232 2415 1315 2454 aut
1352 2404 1511 2469 Legis
1542 2383 1681 2452 abro-

250 2475 500 2539 gatiOnem
537 2475 599 2522 ad
642 2485 852 2537 tempus,
913 2473 1241 2550 pluralitatem
1297 2473 1425 2520 hanc
1474 2487 1682 2520 uxorum

250 2542 402 2590 fuisse
431 2541 726 2590 Patriarchis
751 2551 800 2589 et
825 2543 857 2593 J
862 2541 1009 2588 udaeis
1034 2541 1332 2617 permissam.
1403 2540 1527 2588 Cum
1550 2538 1682 2586 enim

251 2625 350 2656 non
375 2609 437 2656 sit
461 2609 588 2672 Legi
613 2607 820 2656 naturali
859 2607 1118 2664 contraria,
1152 2607 1256 2654 fieri
1299 2606 1459 2670 potuit
1501 2615 1556 2654 ut
1579 2621 1682 2653 cer-

252 2675 315 2724 tis
356 2677 658 2737 temporibus
700 2676 975 2738 expediret,
1012 2690 1109 2720 non
1147 2690 1263 2721 vero
1312 2673 1415 2721 aliis
1450 2671 1683 2735 tempori-

181 2794 183 2797 ,
252 2744 361 2799 bus,
398 2742 620 2805 adeoque
668 2737 807 2789 Deus
853 2740 1013 2805 potuit
1047 2741 1178 2788 illam
1202 2741 1499 2804 permittere
1534 2737 1680 2787 certis

254 2809 569 2872 temporibuS,
606 2808 710 2855 aliis
734 2824 849 2856 vero
874 2808 1174 2871 temporibus
1198 2807 1473 2871 prohibere.
1561 2805 1681 2856 Dis-

253 2874 590 2940 pensationem
624 2885 788 2923 autem
824 2891 853 2922 3
902 2876 1016 2923 Deo
1052 2875 1331 2923 Veteribus
1364 2873 1517 2921 fuisse
1563 2885 1682 2920 con-

255 2958 442 2991 cessam
477 2950 669 2990 constat
710 2945 789 2988 10·
826 2958 891 2990 ex
926 2941 1151 2989 omnibus
1188 2939 1451 3004 Scripturis
1480 2949 1539 2991 et
1588 2939 1686 2986 SS.

253 3010 458 3060 Patrum
517 3007 820 3070 testimoniis,
881 3009 1057 3075 quibus
1105 3003 1248 3058 antea
1299 3008 1563 3080 probatum
1602 3015 1680 3052 est

1277 3069 1679 3123 consuetudinem
