1846 3250
607 175 703 225 DE
741 174 1032 224 ORDINE.
1181 186 1184 189 ⁴
1449 174 1544 220 119

127 308 265 368 fiunt,
303 328 394 360 nec
432 327 537 359 esse
579 321 748 359 sancta
784 317 878 358 nec
914 309 1207 357 veneranda.
1260 310 1335 359 20·
1363 308 1535 357 Sacra-

124 390 289 427 menta
315 380 670 428 Haereticorum
692 379 910 444 somnam
945 379 1185 425 duntaoeat
1217 392 1313 425 non
1348 378 1539 425 virtutis

125 447 338 512 ‹ffectam
378 448 558 495 habere.
615 450 694 495 30.
721 448 886 495 Solum
914 446 1162 509 Baptisma
1197 444 1328 514 apud
1366 445 1540 493 Haerea

125 518 248 562 ticos
274 530 379 562 esse
404 526 576 572 ratum,
614 515 727 580 quia
751 525 821 562 est
864 514 1017 577 magis
1059 514 1401 562 necessarium.
1461 517 1539 561 4⁰.

127 586 373 660 Quantum
414 585 474 631 ad
512 585 605 632 alia
632 586 961 636 Sacramenta,
1001 582 1229 646 Cypriani
1261 581 1538 644 opinionem

121 651 258 714 sequi
284 651 490 700 videtur.
550 653 820 716 Cyprianus
845 661 1007 699 autem
1033 666 1091 697 ea
1115 649 1242 714 apud
1265 649 1540 698 Haerefflcos

119 718 257 766 inita
280 736 473 783 prorsus
499 722 836 768 arbitrabatur.

128 805 131 809 ’
192 789 254 835 R.
280 789 359 834 ad.
388 791 428 835 l.
454 790 562 836 dist.
598 790 760 836 Docet
801 789 1114 836 Samamenta
1139 794 1247 850 quae
1272 794 1414 834 extra
1440 785 1537 834 Ec-

123 855 321 902 clesiam
357 856 494 914 fiunt,
532 874 627 904 non
654 873 759 905 esse
784 867 967 912 sancta,
1005 865 1232 918 respectu
1260 866 1426 902 eorum
1454 854 1537 917 qui

92 923 364 987 ⁴recipiunt
404 934 478 981 ea,
517 935 733 989 excepto
760 924 1060 988 Baptismate
1096 922 1142 969 in
1186 936 1301 971 casu
1326 922 1539 969 necessi-

118 991 247 1049 tatis,
285 1008 412 1039 conc.
441 1010 536 1041 non
562 1009 667 1041 esse
692 1004 859 1041 sancta
879 1004 928 1040 et
953 991 1263 1039 veneranda
1252 1007 1300 1037 in
1325 1006 1394 1047 se,
1428 1005 1532 1051 neq.

116 1058 258 1107 Jdem
284 1062 499 1109 sentiunt
524 1060 762 1126 Theologi
789 1076 954 1109 omnes
978 1070 1089 1123 post
1117 1060 1166 1107 S.
1191 1057 1446 1106 Thomam.

188 1124 292 1174 Ad
307 1128 353 1174 2.
405 1130 499 1177 Per
521 1129 723 1177 formam
769 1130 818 1177 S.
844 1126 1070 1177 Pontifex
1111 1125 1340 1191 intelligit
1380 1126 1535 1190 ipsam

125 1193 425 1244 Sacramenti
464 1198 798 1255 substantiam,
836 1214 932 1245 non
967 1211 1083 1243 vero
1119 1196 1335 1262 speciem
1372 1205 1535 1243 exter·

120 1279 247 1310 nam.
285 1263 409 1311 Nam
421 1267 647 1314 Urbanus
666 1266 922 1330 profitetur
940 1280 991 1312 se
1010 1264 1091 1312 hic
1109 1267 1246 1330 sequi
1264 1261 1538 1312 doctrinam

120 1330 403 1395 Augustini,
441 1326 746 1398 Hieronymi,
772 1332 1017 1397 Gregorii,
1055 1331 1230 1396 quibus
1253 1331 1423 1396 procul
1449 1331 1540 1378 du·

118 1398 204 1446 bio
223 1400 579 1451 Haereticorum
607 1402 936 1459 Sacramenta,
970 1409 1200 1462 quantum
1228 1400 1290 1448 ad
1314 1400 1539 1447 substan-

120 1465 257 1524 tiam,
292 1477 396 1516 rata
430 1468 644 1526 fuerunt,
682 1469 919 1546 quamvis,
954 1479 1005 1516 ut
1031 1467 1097 1516 ait
1133 1465 1263 1516 idem
1290 1467 1538 1522 Libanus,

118 1534 307 1584 virtutis
343 1536 567 1585 effectum
593 1554 678 1586 seu
703 1538 907 1615 gratiam
941 1551 1037 1583 non
1062 1535 1290 1594 habeant,
1327 1533 1366 1583 si
1406 1532 1538 1598 Bap-

120 1602 316 1651 rismum
361 1603 409 1675 in
458 1621 572 1653 casu
619 1603 921 1654 necessitatis
965 1603 1234 1666 exceperis.
1327 1602 1536 1667 Insuper

121 1671 349 1719 Urbanus
367 1686 499 1726 suam
519 1674 644 1721 hanc
662 1673 959 1722 locutionem
975 1670 1241 1735 desumpsit
1260 1686 1287 1719 a
1307 1669 1357 1719 S.
1368 1671 1539 1719 Leone

120 1739 203 1802 qui
229 1739 274 1786 in
297 1734 541 1805 Decretis,
568 1754 674 1806 cap.
693 1745 774 1789 48.
799 1741 1117 1806 persor-mam
1135 1738 1385 1803 Baptismi
1407 1737 1536 1786 illius

121 1798 438 1869 Sacramenti,
474 1809 790 1858 substantiam
832 1826 929 1857 non
952 1808 1229 1894 imaginem,
1264 1807 1531 1856 fatentibus

119 1875 357 1934 omnibus,
394 1878 638 1942 intelligit.

184 1941 278 1990 Ad
303 1946 351 1991 3.
404 1947 569 1994 Docet
605 1946 759 1993 solum
796 1943 1045 2008 Baptisma
1083 1940 1214 2007 apud
1253 1941 1531 1990 Haereticos

119 2025 226 2058 esse
264 2022 436 2070 ratum,
472 2013 522 2060 id
564 2024 653 2070 est,
689 2013 1013 2069 fructuosum,
1057 2011 1358 2059 salutiferum
1398 2022 1449 2059 et
1484 2010 1533 2057 in

118 2090 234 2126 casu
253 2080 554 2129 necessitatis
579 2080 935 2145 accipiendum,
961 2095 1086 2128 conc.
1109 2079 1264 2127 solum
1283 2078 1535 2143 Baptisma

119 2146 250 2209 apud
275 2147 552 2198 Haereticos
593 2164 699 2198 esse
740 2159 897 2196 ratum
923 2157 1154 2212 quantum
1191 2147 1253 2197 ad
1279 2147 1533 2196 character-

119 2230 238 2270 rem,
275 2231 377 2278 neq.

184 2281 272 2329 Ad
291 2288 338 2331 4.
366 2284 514 2349 Sequi
533 2285 724 2333 videtur
742 2284 1018 2350 opinionem
1042 2282 1271 2348 Cypriani
1292 2295 1353 2331 ex
1374 2291 1537 2347 parte,
1554 2331 1564 2337 .

117 2367 142 2397 ι
151 2349 374 2413 ideiicet
363 2369 409 2400 in
429 2370 488 2401 eo
509 2354 639 2431 quod
661 2355 976 2402 Sacramenta
993 2353 1112 2399 Hae1
1117 2363 1370 2408 eticorum,
1391 2358 1534 2398 extra

117 2422 282 2466 casum
308 2421 625 2476 necessitatis,
650 2423 855 2485 gratiam
879 2437 976 2468 non
994 2420 1284 2484 producant,
1310 2434 1436 2467 conc.
1466 2433 1532 2465 ex

120 2486 245 2533 omni
271 2499 424 2551 parte,
450 2504 509 2537 eo
533 2506 676 2538 sensu
701 2490 833 2553 quod
858 2486 1115 2537 arbitratus
1140 2488 1201 2535 sit
1227 2503 1336 2535 cum
1359 2487 1533 2550 Cypri-

119 2569 212 2601 ano
237 2555 566 2606 characterem
595 2556 919 2607 Sacramentis
948 2554 1303 2604 Haereticorum
1330 2570 1427 2602 non
1459 2553 1532 2601 in-

120 2620 234 2685 figi,
259 2639 361 2685 neq

197 2684 406 2752 Oly-10·
442 2692 703 2741 Balzamon
729 2702 778 2741 et
802 2693 883 2741 aiii
906 2691 1203 2741 recentiores
1224 2689 1383 2739 Graeci
1413 2690 1530 2740 Hae·

118 2756 380 2804 reticorum
407 2753 748 2810 Ordinationes
786 2772 838 2808 ut
873 2761 1027 2809 nullas
1063 2760 1273 2815 habent;
1313 2759 1417 2805 imo·
1435 2769 1532 2806 tes·-

119 2836 249 2871 tutur
294 2826 554 2893 Cabasiias,
600 2830 683 2878 lib.
723 2824 939 2878 5.J1'1ris
973 2827 1234 2884 orientalis,
1273 2835 1531 2875 consuetu·

120 2892 281 2940 dinem
301 2906 406 2942 esse
427 2903 479 2942 ut
497 2895 702 2945 Romani
724 2896 1014 2947 Sacerdotes
1034 2895 1257 2945 aGraecis
1275 2891 1529 2980 Episcopis

117 2976 140 3007 ι
148 2977 309 3010 ursum
336 2962 634 3012 ordinentur.
1356 3027 1422 3073 R

1457 3030 1529 3074 10-
