1846 3250
338 155 403 205 86
833 150 1262 211 TRACTATUS

338 291 633 341 necessitate
668 302 752 341 aut
787 295 1148 359 opportunitate
1186 298 1415 362 temporis
1445 298 1751 348 constituisse

338 359 608 409 Ministros.
679 364 748 409 At
784 374 953 439 postea
987 374 1219 412 statutum
1257 378 1332 414 est
1366 367 1412 413 in
1442 366 1664 415 Ecclesia
1699 379 1752 415 ut

339 427 549 477 Ordines
590 445 687 476 non
725 429 838 478 nisi
855 431 999 479 certis
1034 433 1144 479 anni
1187 436 1481 511 temporibus
1507 446 1554 483 et
1581 435 1749 483 diebus

338 496 692 545 conferrentur.
762 497 1008 561 Quidquid
1033 500 1094 547 sit
1125 503 1326 563 praecise
1362 503 1423 551 de
1451 503 1748 566 temporibus

337 565 517 628 quibus
534 565 649 613 olim
675 577 1077 616 consecrarentur
1103 569 1336 617 Ecclesiae
1364 570 1591 628 Ministri,
1635 587 1748 619 usus

335 632 538 682 invaluit
563 640 665 696 jam
707 651 736 683 a
759 636 921 684 multis
961 637 1165 693 saeculis,
1205 647 1259 684 ut
1286 639 1590 703 Praesbyteri‚
1628 639 1749 686 Dia-

335 701 462 767 coni,
492 701 784 750 Subdiaconi
811 720 906 750 non
932 703 1267 752 ordinarentur
1287 705 1374 754 nisi
1396 707 1616 766 Sabbatis
1635 722 1750 768 qua-

334 779 444 819 tuor
469 780 759 835 temporum,
789 769 1001 820 Sabbato
1027 782 1138 820 ante
1157 773 1466 830 Dominicam
1491 774 1745 831 Passionis,

336 842 387 886 et
414 838 627 886 Sabbato
655 839 852 895 Sancto,
889 839 1018 886 horis
1060 841 1320 898 matutinis,
1359 852 1412 890 ut
1447 843 1600 890 fertur
1636 858 1743 904 cap.

332 906 414 954 De
435 923 501 964 eo,
538 907 600 955 de
624 915 772 970 temp.
809 908 1031 956 Ordinat.
1070 909 1258 957 Concil.
1286 910 1419 958 Trid.
1455 910 1582 957 nihil
1598 926 1655 958 ea
1681 910 1743 958 de

332 990 385 1022 re
410 974 670 1036 innovavit,
707 976 793 1024 sed
818 976 1064 1040 antiquam
1090 979 1489 1026 consuetudinem
1517 995 1622 1040 quae
1641 983 1743 1040 jam

331 1043 454 1106 legis
480 1044 573 1107 vgim
607 1044 773 1107 habet,
807 1061 924 1092 sess.
950 1047 1029 1092 23.
1067 1060 1109 1092 c.
1137 1048 1181 1091 8.
1210 1045 1519 1094 'confirmavit
1544 1046 1616 1093 his
1642 1061 1748 1092 ver-

332 1111 405 1159 bis
426 1112 1075 1171 :Ordinationessaerorum
1103 1114 1339 1162 Ordinum
1363 1117 1552 1162 statutis
1573 1130 1604 1160 a
1622 1114 1744 1176 jure

310 1179 614 1242 temporibus
636 1180 830 1244 publice
851 1180 1147 1228 celebrentur.
1219 1186 1223 1189 ’
1451 1202 1455 1206 ·

342 1279 366 1310 g
398 1247 511 1312 Non
536 1247 654 1309 licet
678 1248 934 1312 Episcopis
971 1265 1133 1297 sacros
1159 1248 1367 1298 Ordines
1392 1249 1613 1306 conferre
1638 1247 1741 1296 aliis

330 1315 646 1379 temporibus,
693 1316 782 1363 nisi
819 1316 1026 1364 facultas
1066 1316 1122 1365 iis
1162 1318 1310 1365 fuerit
1350 1333 1378 1365 a
1417 1318 1466 1366 S.
1502 1316 1741 1365 Pontifice

329 1399 575 1439 concessa,
613 1394 757 1448 prout
783 1384 1042 1448 aliquando
1069 1384 1290 1449 contigit.

397 1452 605 1515 Possunt
644 1464 805 1500 autem
850 1452 1096 1517 Episcopi,
1134 1469 1197 1500 ex
1224 1470 1332 1516 cap.
1354 1452 1434 1500 De
1456 1470 1520 1509 eo,
1559 1452 1620 1499 ad
1652 1450 1738 1499 mi-

328 1535 470 1568 notes
504 1510 712 1568 Ordines
737 1525 1037 1598 promovere,
1076 1521 1220 1568 modo
1247 1522 1348 1568 dies
1375 1520 1633 1567 Dominica
1658 1521 1734 1576 sit,

326 1598 410 1634 aut
437 1587 630 1635 Festum
672 1587 886 1650 duplex3
921 1588 1008 1635 sed
1044 1588 1091 1634 in
1118 1605 1258 1636 mane
1284 1598 1486 1644 tantum,
1526 1597 1576 1635 ut
1602 1588 1738 1635 addit

327 1646 558 1703 Rubrica.
627 1654 776 1718 Viget
818 1661 977 1702 tamen
1017 1656 1064 1702 in
1107 1655 1390 1718 quibusdam
1433 1655 1735 1703 Dioecesibus

327 1723 630 1771 consuetudo
653 1722 875 1770 serotinis
900 1722 1028 1770 horis
1051 1723 1301 1772 inferiores
1330 1724 1539 1771 Ordines
1570 1723 1737 1771 confe-

324 1790 462 1839 rendi
488 1790 643 1855 pridie
668 1790 893 1838 solemnis
933 1791 1278 1849 Ordinationis,
1317 1801 1370 1839 ut
1406 1792 1484 1838 die
1509 1790 1731 1853 sequenti

329 1860 497 1922 majori
521 1876 631 1908 cum
670 1859 905 1906 facilitate
931 1858 1201 1923 supeiiores
1230 1860 1440 1906 Ordines
1478 1859 1732 1906 conferan-

323 1934 419 1976 tur.
483 1927 674 1976 Servari
698 1936 859 1991 potest
883 1927 965 1974 illa
989 1927 1307 1983 consuetudo,
1346 1928 1426 1974 ubi
1451 1925 1598 1990 viget.

392 1983 643 2059 Quantum
685 1995 746 2042 ad
785 2001 1046 2052 tonsuram,
1083 1996 1301 2060 quolibet
1326 1995 1434 2042 anni
1461 1994 1539 2043 die
1565 2004 1614 2042 et
1639 2009 1730 2056 qua

321 2063 441 2111 hora
476 2061 668 2112 libuerit
705 2063 906 2111 concedi
943 2074 1120 2142 potest,
1155 2074 1209 2111 ut
1243 2064 1449 2111 habetur
1484 2061 1530 2109 in
1568 2061 1733 2110 Ponti-

321 2130 464 2179 ficali

362 2196 708 2262 Episcopatus
755 2197 970 2259 quolibet
1017 2207 1236 2261 tempore
1283 2197 1488 2246 conferri
1537 2205 1730 2261 potest,

321 2267 467 2314 modo
501 2266 551 2313 id
586 2266 782 2314 fiatvdie
809 2262 1067 2313 Dominica
1102 2275 1185 2312 aut
1220 2266 1298 2312 die
1326 2266 1528 2313 Festivo.

332 2352 334 2354 ·
372 2335 504 2392 vNon
525 2342 597 2382 est
622 2334 816 2394 omnino
834 2344 1020 2381 certum
1047 2347 1104 2379 an
1126 2332 1203 2395 qui
1226 2343 1365 2380 extra
1382 2343 1601 2395 tempora
1615 2335 1726 2392 Jure

322 2412 503 2451 statuta
531 2401 831 2458 ordinantur,
866 2401 1225 2464 suspensionem
1252 2400 1355 2462 ipso
1381 2399 1509 2451 facto
1535 2410 1726 2446 contra-

321 2471 453 2518 hant.
513 2470 620 2518 Nec
645 2469 821 2517 desunt
845 2467 1082 2531 Theologi
1107 2468 1184 2531 qui
1213 2468 1476 2523 Canonem,
1514 2467 1723 2514 Ordina-

317 2541 480 2592 tiones,
517 2537 628 2584 dist.
651 2540 731 2588 75.
769 2536 1102 2584 Alexandrum
1127 2536 1222 2582 ΙΙΙ.
1255 2536 1301 2580 in
1329 2553 1371 2583 c.
1396 2535 1540 2591 Sane,
1568 2535 1723 2583 Urba-

317 2621 432 2651 num
460 2605 636 2651 111.in
664 2621 772 2668 cap.
802 2605 925 2652 Cum
949 2605 1158 2666 quidam,
1183 2604 1241 2649 de
1261 2612 1396 2666 temp.
1418 2604 1634 2651 Ordinat.
1659 2603 1722 2648 de

317 2672 630 2735 suspensione
653 2672 869 2719 ferendae
899 2671 1150 2718 sententiae
1175 2672 1568 2733 interpretentur,
1608 2670 1723 2717 Bul-

316 2742 485 2803 lasque
513 2737 583 2786 Pii
610 2740 676 2786 ss.
702 2750 751 2787 et
775 2739 835 2785 V.
872 2739 951 2786 ubi
977 2754 1119 2815 poena
1142 2738 1466 2802 suspensionis
1488 2738 1592 2802 ipso
1608 2742 1718 2798 jure

318 2808 682 2875 pronunciatur,
717 2807 765 2852 in
792 2806 962 2854 Galliis
1000 2805 1192 2852 minime
1231 2818 1451 2870 receptas
1489 2814 1718 2857 asserant.

319 2870 564 2939 Quidquid
599 2874 675 2931 sit,
712 2874 751 2920 si
774 2873 883 2921 talis
908 2882 1110 2921 censura
1146 2873 1249 2937 ipso
1276 2875 1405 2924 facto
1430 2876 1713 2952 incurratur,

316 2944 586 3008 Episcopus
611 2942 669 2991 ab
694 2956 752 2992 ea
768 2941 959 2990 solvere
983 2950 1159 3006 potest.
1547 3007 1594 3055 L

332 3038 341 3043 ”
1596 3025 1718 3057 00815.
