1846 3250
179 153 285 202 2941
689 152 1113 203 TRACTATUS

181 287 560 337 Haereticorui-n.
629 287 696 335 Et
742 287 953 336 vicissim
992 296 1274 337 contractus
1323 285 1600 351 religiosus,

180 355 640 417 matrimoniumque
661 367 807 419 prout
833 368 907 404 est
936 357 1318 412 Sacramentum,
1355 355 1460 403 sine
1485 370 1626 402 eon--

179 434 341 472 tractu
366 422 495 470 civili
520 433 649 470 stare
669 432 848 486 potest,
887 440 933 471 v.
957 442 1007 487 g.
1044 422 1240 489 quando
1264 422 1371 487 quis
1394 422 1605 471 civil-*iter

179 501 399 538 mortuus
426 501 515 548 est,
556 500 608 538 ut
628 490 667 537 si
704 491 958 539 damnatus
984 491 1043 539 sit
1070 492 1131 539 ad
1156 490 1375 540 triremes
1403 499 1495 538 aut
1537 489 1601 537 ad

178 567 387 606 mortem
430 575 547 606 sane
595 558 951 607 matrimonium
999 559 1185 606 nullum
1230 567 1304 606 est
1362 568 1602 620 quatenus

180 636 463 674 contractus
512 626 697 681 civilis;
753 636 986 685 attamen,
1034 636 1160 674 teste
1206 625 1313 688 ipso
1372 626 1598 682 Fevreto,

178 694 393 742 validum
420 704 495 742 est
519 704 572 742 ut
615 695 1003 751 Sacramentum,
1031 704 1080 742 et
1107 703 1159 742 ut
1178 694 1276 741 tale
1300 692 1348 738 in
1375 691 1604 741 Ecclesia

180 760 481 825 agnoscitur.
561 762 704 809 Ratio
730 772 820 819 est,
859 762 973 826 quia
997 771 1280 810 contractus
1318 759 1472 807 civilis
1505 773 1605 806 non

180 842 256 878 est
290 830 436 885 basis,
477 829 848 878 fundamentum
893 839 943 878 et
984 827 1255 877 substantia
1282 826 1603 883 Sacramenti,

179 898 267 947 sed
310 899 445 946 solus
485 907 769 945 contractus
821 898 1054 945 naturalis
1102 895 1320 959 Legibus
1363 894 1608 943 Ecclesiae

179 965 431 1014 ordinatus
477 976 527 1014 et
575 964 841 1028 perfectus,
879 982 966 1013 seu
1014 974 1294 1016 ,contractus
1342 961 1608 1025 spiritualis

179 1050 278 1096 quo
315 1034 414 1081 duo
462 1033 808 1081 contrahentes
834 1049 886 1080 se
913 1044 1097 1089 mutuo,
1135 1030 1336 1080 servatis
1364 1030 1606 1077 Ecclesiae

180 1101 418 1164 Legibus,
457 1100 674 1164 obligant
717 1100 766 1147 in
808 1100 1105 1148 individuam
1146 1100 1257 1146 vitae
1298 1099 1610 1154 societatem,

179 1169 370 1232 sibique
417 1168 564 1216 fidem
623 1168 671 1214 in
719 1178 1011 1232 perpetuum
1054 1167 1363 1232 promittunt.
1447 1164 1608 1227 Igitur

181 1237 411 1285 Ecclesia
430 1245 736 1284 contractum
760 1235 1056 1297 spiritualem
1083 1233 1333 1290 irritando,
1371 1248 1467 1278 non
1491 1231 1610 1279 ideo

180 1304 335 1353 irritat
360 1313 668 1353 contractum
698 1302 906 1360 civilem,
945 1302 1075 1351 unde
1100 1300 1362 1364 nequidem
1399 1298 1613 1349 indirec-

182 1384 279 1422 tam
305 1372 354 1419 in
380 1371 635 1436 temporali
664 1372 858 1434 Regum
884 1379 1178 1434 potestatem
1199 1377 1415 1416 exercet.

254 1441 357 1504 Obj.
383 1443 463 1487 20·
502 1438 551 1487 Si
583 1438 910 1487 existimasset
938 1437 1166 1486 Ecclesia
1197 1436 1286 1484 sibi
1324 1449 1611 1483 concessam

182 1525 289 1558 esse
315 1525 344 1556 a
371 1507 568 1557 Christo
593 1516 888 1570 potestatem
925 1505 1276 1569 impedimenta
1310 1501 1609 1551 matrimoni·

181 1594 264 1625 um
289 1575 572 1623 'dirimentia
607 1574 870 1632 statuendi,
907 1590 1003 1620 non
1028 1573 1338 1636 postulasset,
1373 1570 1470 1617 imo
1508 1585 1609 1617 non

180 1643 481 1709 permisisset
522 1658 634 1689 suos
674 1658 732 1689 ea
770 1641 832 1688 de
871 1657 923 1688 re
969 1643 1193 1690 Canones
1236 1655 1262 1686 a
1299 1637 1611 1701 Principibus

181 1710 492 1760 confirmari:
522 1708 657 1774 atqui
697 1718 859 1758 tamen
897 1725 1027 1773 saepe
1065 1706 1290 1756 Ecclesia
1330 1704 1616 1769 postulavit,

193 1786 284 1829 &c-

254 1849 314 1897 R.
339 1848 447 1896 dist.
472 1846 585 1894 min.
621 1842 896 1893 Postulavit
928 1842 1157 1892 Ecclesia
1192 1850 1245 1889 ut
1279 1840 1612 1903 Imperatores

182 1925 414 1966 curarent
454 1930 570 1962 suos
612 1913 674 1962 de
717 1911 1033 1960 matrimoniis
1067 1912 1293 1959 Canones
1326 1906 1611 1956 executioni

183 1982 489 2040 demandari,
526 1998 650 2031 conc.
690 1979 954 2045 postulavit
986 1988 1041 2027 ut
1080 1977 1333 2041 Principes
1368 1974 1427 2021 iis
1451 1975 1612 2023 Cano-

182 2052 326 2101 nibus
352 2050 695 2099 auctoritatem
739 2049 1011 2096 tribuerent
1052 2063 1195 2110 quam
1237 2060 1335 2091 non
1364 2042 1614 2090 habeb-ant

186 2138 250 2169 ex
276 2135 344 2167 se.
363 2135 471 2181 neg.
545 2118 626 2165 Sic
654 2116 880 2165 Ecclesia
904 2131 1034 2178 saepe
1053 2111 1317 2178 postulavit
1344 2120 1395 2158 ut
1421 2108 1617 2171 judicia

184 2204 295 2252 quae
320 2186 382 2234 de
409 2184 546 2233 Fidei
572 2184 902 2247 Dogmatibus
938 2182 1336 2246 pronuntiaverat
1361 2193 1390 2225 a
1426 2175 1614 2225 Princi-

183 2257 329 2321 pibus
366 2253 787 2308 confirmarentur,
823 2266 917 2297 nec
960 2260 1121 2296 tamen
1165 2248 1278 2294 ideo
1317 2242 1612 2293 existimavit

187 2340 239 2372 se
281 2338 311 2371 a
346 2319 653 2383 Principibus
679 2312 815 2368 Fidei
858 2319 1108 2380 Dogmata
1149 2310 1410 2362 definiendi
1448 2321 1614 2374 potes»

188 2402 341 2440 tatem
366 2389 567 2438 habere.

633 2518 1060 2573 PROPOSITIO
1102 2518 1176 2567 11.

188 2664 396 2726 Possunt
405 2663 524 2726 jure
545 2658 634 2707 sihi
668 2658 831 2706 innato
856 2656 1108 2719 Principes
1131 2654 1233 2702 sive
1258 2648 1483 2714 infideles,
1518 2649 1619 2697 sive

238 2727 518 2784 christiani,
554 2734 760 2774 statuere
795 2724 1115 2789 impedimenta
1144 2718 1507 2770 Matrimonium
1542 2716 1618 2765 di·

255 2796 492 2850 rimentia,
529 2794 746 2842 nimirum
771 2792 819 2840 in
843 2792 901 2839 iis
926 2806 1033 2856 quoe
1054 2787 1331 2853 temporalia
1355 2792 1479 2834 sunt.

259 2930 409 2980 Prob.
437 2932 500 2978 1⁰·
539 2928 665 2976 Nam
702 2924 1060 2974 matrimonium
1096 2939 1196 2972 non
1229 2921 1385 2971 solum
1413 2929 1487 2985 est
1524 2917 1615 2966 Sa·

191 3008 495 3049 eramentum
529 3007 581 3047 et
615 3004 901 3056 contractus
937 2992 1209 3057 religiosuS‚
1246 2988 1334 3038 sed
1370 2982 1609 3099 etiamlfi-

1468 3068 1514 3100 Vl
1534 3066 1572 3099 IS
1593 3066 1607 3096 ἶ
