1846 3250
257 154 321 201 94
745 134 1179 200 TRA‘CTATUS·

656 385 926 435 Solvuntur
957 386 1258 450 Oly'ecciones.

320 557 424 622 Obj.
454 561 512 606 1⁰·
548 558 658 608 Lex
684 560 995 609 continentiae
1031 571 1282 638 perpetuae
1317 562 1463 611 sacris
1490 563 1661 612 Minis·

239 629 325 676 tris
349 627 595 692 imposita,
612 629 717 691 juri
737 629 943 678 naturali
968 630 1211 677 contraria
1234 639 1325 687 est,
1358 640 1410 678 ut
1435 642 1569 695 patet
1598 650 1685 686 ex.

241 707 428 744 naturae
466 696 789 762 propensione
826 715 934 762 quae
968 696 1170 763 singulis
1204 698 1330 773 inest
1370 699 1659 749 hominibus

246 765 401 827 Ergo,
431 768 525 813 διε.
1182 802 1184 805 ,
1228 789 1231 792 -

311 834 381 880 R
400 849 449 880 n.
470 841 574 881 ant.
621 833 853 888 Quamvis
889 835 1017 881 enim
1059 831 1418 883 matrimonium
1457 836 1663 883 consen-

242 903 387 950 tanee
429 900 491 949 ad
536 902 698 965 legem
734 913 920 950 naturae
956 912 1006 950 et
1048 901 1253 950 hominis
1289 903 1661 966 propensionem

241 969 532 1017 institutum
555 970 633 1028 sit,
670 986 767 1017 non
804 981 965 1018 tamen
994 968 1116 1018 illud
1151 972 1268 1034 lege.
1288 983 1472 1019 naturae
1496 972 1662 1033 praeci-

241 1038 374 1102 pitur
407 1037 581 1085 saltem
630 1042 728 1101 pro⁴
754 1039 975 1086 omnibus
1016 1048 1068 1086 et
1107 1037 1309 1102 singulis
1357 1039 1661 1095 hominibus;

242 1104 456 1169 alioquin
484 1110 565 1167 Jus
605 1105 725 1153 illud
757 1117 942 1155 naturae
966 1105 1135 1154 fuisset
1177 1108 1237 1155 ab
1264 1106 1390 1164 Elia,
1426 1107 1657 1165 Jeremia,

241 1174 441 1232 Joa'nne
460 1176 670 1238 utroque
692 1174 956 1223 violatum:
993 1174 1124 1238 quod
1149 1191 1291 1222 nemo
1320 1175 1529 1224 dixerim
1570 1212 1573 1217 -

311 1242 557 1291 Praeterea
581 1241 743 1291 nativa
765 1242 971 1291 hominis
1007 1243 1071 1290 ad
1096 1242 1450 1291 matrimonium
1486 1243 1662 1306 procli·-

242 1309 381 1366 vitas,
417 1314 508 1358 seu
531 1309 694 1375 potius
717 1310 778 1359 ad
806 1310 961 1360 carnis
986 1310 1240 1359 illecebras
1258 1310 1533 1375 propensio,
1562 1327 1659 1358 me-

243 1376 409 1426 ritorie
451 1378 670 1427 coerceri
708 1389 886 1443 potest,
931 1394 1024 1426 nec
1055 1379 1250 1442 ipsimet
1293 1379 1663 1427 Pseudo-refor-

242 1445 361 1494 mati
385 1455 440 1494 ut
456 1446 577 1508 Juris
602 1447 833 1496 naturalis
851 1447 1109 1494 violatores
1132 1448 1363 1494 damnant
1387 1463 1471 1494 eos
1495 1463 1662 1495 omnes

239 1514 326 1578 qui
350 1514 481 1577 apud
505 1514 648 1578 ipsos
672 1514 819 1563 vitam
858 1515 1083 1562 coelibem
1114 1525 1282 1578 agunt.
1351 1514 1509 1575 Igitur
1551 1530 1661 1579 pro-

241 1581 419 1646 pensio
434 1581 518 1629 illa
540 1593 841 1646 praeceptum
865 1583 1085 1629 naturale
1109 1598 1204 1629 non
1230 1581 1472 1644 importat.

310 1650 534 1699 Demum
552 1660 783 1713 corrupta
808 1650 1053 1696 hominum
1079 1648 1327 1697 inclinatio
1351 1666 1480 1714 saepe
1514 1650 1661 1698 vehe-

244 1716 455 1766 mentius
497 1733 581 1765 eos
605 1718 668 1766 ad
707 1717 899 1766 illicitas
924 1732 1067 1780 quam
1111 1718 1172 1764 ad
1213 1716 1366 1764 licitas
1390 1719 1665 1782 voluptates

241 1784 465 1850 impellit.
531 1784 687 1850 Atqui
711 1795 873 1833 tamen
897 1801 1040 1832 nemo
1065 1783 1177 1833 inde
1202 1786 1466 1833 concludet
1491 1788 1659 1849 volup*

242 1864 368 1903 tates
391 1851 584 1901 illicitas
601 1855 712 1915 jare
737 1852 942 1900 naturali
969 1851 1180 1915 praecipi.
1235 1853 1367 1916 Ergo
1390 1852 1569 1916 pariter
1595 1870 1659 1900 ex

246 1938 307 1971 eo
334 1920 464 1986 quod
490 1920 764 1969 hominibus
783 1920 895 1968 insit
919 1920 978 1968 ad
1007 1921 1359 1968 matrimonium
1382 1921 1660 1984 propensio,

243 2007 343 2039 non
368 1989 485 2037 licet
509 1988 624 2037 inde
648 1989 942 2037 concludere
965 1988 1094 2035 illam
1122 1989 1339 2036 naturale
1364 2000 1662 2052 praeceptum

244 2056 503 2108 maritandi
527 2073 616 2120 pro
642 2056 864 2105 omnibus
889 2067 939 2104 et
968 2056 1169 2120 singulis
1193 2056 1501 2105 hominibus
1490 2070 1666 2153 impor-

244 2136 362 2176 tare.

240 2237 246 2244 .
295 2193 420 2257 Obj.
445 2193 508 2239 2⁰·
544 2191 662 2241 Lex
696 2189 1013 2239 continentiae
1047 2192 1219 2239 saltem
1250 2191 1346 2253 Juri
1382 2191 1545 2238 divino
1576 2192 1662 2238 ad-

242 2271 496 2317 versatum
530 2277 642 2309 cum
667 2259 807 2307 Deus
831 2259 1054 2306 omnibus
1079 2259 1351 2307 hominibus
1379 2259 1659 2321 conjugium

242 2328 533 2409 praeceperit
564 2328 637 2376 his
662 2327 915 2376 Geneseos
939 2326 1115 2421 verbis,
1156 2328 1341 2374 crescite
1363 2334 1408 2373 ec
1427 2326 1660 2390 multipli

242 2399 437 2446 camini.

314 2466 616 2542 Respondent
649 2462 720 2510 1⁰·
744 2462 967 2511 nonnulli
990 2462 1137 2509 verba
1158 2460 1258 2515 illa,
1293 2477 1400 2525 quae
1424 2459 1569 2509 etiam
1594 2461 1655 2508 ad

244 2549 357 2582 aves
377 2545 427 2581 et
451 2533 609 2605 pisces
627 2530 760 2579 dicta
777 2539 905 2584 sunt,
931 2530 1082 2605 magis
1102 2528 1492 2576 benedictionem
1512 2544 1657 2593 quam

243 2602 406 2665 legem
431 2599 724 2664 exprimere,
752 2600 891 2661 cujus
916 2612 1116 2662 capacia
1139 2612 1234 2642 non
1260 2606 1372 2644 sunt
1396 2597 1636 2645 animalia.

298 2670 379 2717 R.
402 2669 489 2714 20·
517 2676 815 2732 praeceptum
837 2665 975 2721 illud,
1011 2665 1051 2712 si
1076 2673 1239 2712 tamen
1263 2664 1329 2712 ibi
1360 2664 1423 2713 sit
1446 2676 1662 2729 praecep-

248 2745 370 2792 tum,
409 2743 462 2783 ut
503 2734 641 2784 multi
678 2734 863 2792 volunt,
898 2731 1068 2781 referri
1092 2730 1153 2779 ad
1180 2732 1344 2779 mundi
1385 2731 1660 2786 exordium,

249 2819 349 2868 quo
372 2812 503 2851 terra
526 2811 631 2850 erat
654 2815 825 2849 vacua.
893 2800 973 2849 Ita
996 2798 1345 2858 Tertullianus,
1371 2799 1658 2865 Cyprianus,

253 2872 603 2946 Hieronymus,
630 2867 953 2932 Augustinus.

304 2941 385 2990 R.
416 2940 506 2986 30⁴
535 2935 721 2986 dictum
757 2933 899 2996 illud,
950 2931 991 2984 si
1033 2948 1202 2983 verum
1241 2933 1302 2985 sit
1342 2941 1658 3047 praeceptum,

1488 3015 1541 3048 sa
1563 3011 1660 3049 tem
