1846 3250
605 148 704 210 DE
742 149 1032 198 ORDINE.
1461 149 1524 195 53

122 287 338 336 Civitatis
359 287 459 334 sine
480 284 649 334 litteris
666 286 892 350 Episcopi
914 287 962 335 in
982 300 1258 351 unaquaque
1281 277 1526 332 Paroclzz‘a

113 355 292 420 aliquid
321 371 476 420 agere.

183 423 248 470 R.
302 425 382 469 2⁰.
435 422 766 485 Praesbyteros
816 419 1053 477 Civitatis,
1114 421 1175 469 de
1224 419 1397 484 quibus
1442 416 1524 466 hic

115 506 271 538 sermo
310 485 400 549 est,
434 490 584 538 fuisse
627 506 691 536 ex
731 488 834 538 istis
874 488 1248 553 Chorepiscopis
1291 489 1373 552 qui
1411 487 1529 536 cha—

113 567 351 619 racterem
398 557 723 622 episcopalem
772 558 834 605 ad
881 558 1204 606 sublevandos
1253 556 1525 620 Episcopos

110 637 441 690 susceperant,
480 621 856 691 quique'valide
894 626 1116 674 ordinare
1151 635 1395 689 poterant,
1430 639 1524 671 nec

111 704 271 742 tamen
298 694 447 753 licite,
482 694 570 742 nisi
596 694 657 741 de
682 711 921 743 consensu
946 695 1319 758 Episcoporum.

183 763 283 828 obj.
320 763 396 810 2⁰.
441 762 794 827 Chorepiscopi
841 764 1071 826 leguntur
1118 759 1357 827 primaevis
1402 769 1525 806 teme

110 830 308 891 poribus
346 832 676 895 Praesbyteros
717 831 996 881 ordinasse:
1033 831 1168 895 atqui
1199 840 1336 878 erant
1370 828 1524 875 Praes-

113 899 303 963 byteri;
340 916 473 963 ergo,
515 904 604 947 διο.

179 967 242 1014 R.
277 966 403 1016 inter
452 968 857 1032 Chorepiscopos,
918 978 972 1016 ut
1018 966 1131 1017 alibi
1179 964 1384 1014 dicimus
1427 979 1524 1011 non

111 1034 269 1082 nullos
325 1035 474 1084 fuisse
532 1036 614 1100 qui
662 1037 1012 1095 characterem,
1048 1035 1378 1099 episcopalem
1424 1048 1528 1079 sus-

112 1115 375 1166 ceperant:
411 1103 460 1151 hi
516 1120 660 1167 porro
717 1115 980 1169 potuerunt
1030 1104 1359 1169 Praesbyteros
1396 1098 1524 1148 ordi-

108 1185 242 1219 nare.

184 1239 284 1302 obj.
321 1242 401 1287 30·
438 1240 612 1289 Refert
638 1241 915 1306 Eutychius
941 1245 987 1289 3.
1014 1240 1211 1290 Eccles.
1246 1254 1341 1286 saec
1368 1238 1524 1285 Alex·-

115 1306 295 1355 andriae
337 1308 633 1365 Patriarcha,
681 1309 730 1357 in
780 1310 1024 1359 Chronico
1073 1307 1265 1357 arabice
1324 1306 1524 1368 scripto,

114 1375 248 1438 quod
272 1375 419 1423 latine
443 1377 654 1424 reddidit
677 1379 893 1439 Joannes
921 1378 1175 1433 SeldenuS‚
1222 1374 1351 1423 hanc
1375 1373 1524 1421 fuisse

115 1442 465 1491 Alexandrinae
507 1445 739 1493 Ecclesiae
780 1445 1180 1494 consuetudinem
1225 1454 1276 1491 ut
1304 1443 1521 1505 Praesby.

112 1510 202 1563 teri
230 1511 455 1560 undecim
476 1529 623 1560 unum
649 1530 711 1561 ex
737 1531 791 1563 se
809 1514 923 1579 ipsis
947 1514 1159 1562 electum
1181 1518 1528 1560 consecrarent

110 1578 161 1630 in
187 1579 476 1642 Epicopum.

118 1678 122 1682 ι
182 1647 248 1695 R.
285 1647 514 1696 Eruditos
550 1647 675 1696 hanc
707 1649 1029 1698 narrationem
1056 1659 1107 1698 ut
1145 1644 1526 1696 commentitIam

112 1715 310 1765 habere.
381 1716 597 1765 Sufficiat
629 1716 710 1766 hic
746 1729 977 1767 annotare
1019 1718 1065 1764 in
1110 1717 1279 1779 eadem
1322 1713 1526 1762 narrati-

115 1799 208 1832 one
233 1783 400 1832 referri
436 1802 523 1848 per
558 1786 798 1834 ducentos
834 1803 984 1834 annos
1026 1785 1259 1850 primaevis
1288 1782 1527 1830 Ecclesiae

111 1851 302 1900 saeculis
326 1853 510 1900 nullum
536 1853 583 1900 in
609 1854 829 1919 AEgypto
851 1855 1002 1902 fuisse
1027 1854 1356 1917 Episcopum:
1394 1850 1527 1915 quod

115 1930 284 1983 aperte
308 1919 481 1967 falsum
507 1933 596 1975 est,
634 1934 688 1970 ut
714 1933 904 1970 constat
929 1933 1030 1970 turn
1051 1939 1115 1970 ex
1144 1922 1345 1969 Socrate
1368 1918 1452 1966 lib.
1483 1924 1525 1969 1.

118 1986 252 2035 Hist.
278 2003 385 2050 cap.
404 1991 451 2035 6.
475 1998 578 2035 tum
620 2005 683 2036 ex
712 1990 762 2038 S.
787 1990 1056 2039 Athanasio
1093 1989 1176 2053 qui
1210 1989 1279 2037 sic
1316 1988 1362 2034 in
1392 1989 1529 2052 Apo—

115 2054 248 2118 logia
282 2055 537 2118 loquitur:
585 2074 641 2105 ex
683 2058 870 2124 Egypto
910 2067 955 2107 et
990 2058 1143 2124 Lybia
1179 2066 1224 2107 et
1269 2053 1531 2120 Pentapoli

116 2124 342 2187 Episcopi
376 2126 710 2187 propemodum
749 2136 943 2176 centum.

189 2191 289 2256 Olgj.
330 2194 406 2238 40·
426 2193 678 2241 Cassianus
698 2196 861 2248 collat.
886 2199 932 2243 4.
970 2212 1014 2244 c.
1044 2200 1087 2244 l.
1111 2203 1294 2242 narrat.
1329 2192 1531 2241 Daniel-

119 2276 186 2308 em
206 2277 234 2307 a
259 2260 322 2307 Β.
341 2260 613 2322 Paphnutio
636 2261 897 2312 solitudinis
920 2265 1116 2327 ejusdem
1136 2262 1441 2326 Prcesbytero
1464 2263 1531 2308 acl

115 2327 318 2376 diaconii
359 2328 562 2392 Officium
579 2331 743 2395 fuisse
774 2331 1046 2395 praelatum,
1106 2350 1161 2381 ac
1206 2332 1419 2394 deinceps
1465 2331 1533 2378 ad

110 2395 408 2459 praesbyteriz'
428 2396 642 2447 lzonorem
666 2416 762 2448 esse
780 2409 1062 2463 provectum.

121 2527 132 2537 ·
189 2463 255 2510 R.
294 2463 398 2511 haec
434 2480 528 2512 non
566 2465 891 2529 insignificare
917 2468 1242 2533 Paphnutium
1270 2482 1357 2531 per
1380 2483 1436 2516 se
1469 2482 1530 2515 ac

102 2530 395 2579 'immediate
420 2532 677 2581 Danielem
702 2552 840 2584 suum
866 2537 1174 2601 Discipulum
1201 2551 1528 2593 consecrasse,

120 2597 205 2645 sed
241 2608 426 2654 tantum
463 2600 727 2651 destinasse
760 2621 849 2654 seu
881 2605 1087 2669 elegisse
1119 2605 1181 2653 ad
1218 2605 1527 2655 diaconatum

120 2674 174 2710 et
197 2667 610 2742 praesbyter-atum,
645 2681 793 2736 atque
831 2674 1073 2723 curavisse
1107 2684 1161 2723 ut
1195 2673 1528 2738 ab.Episcop0

124 2744 508 2784 consecraretur.
557 2783 559 2786 ,

192 2798 329 2847 Idem
366 2803 645 2865 responderi
687 2807 836 2857 debet
875 2809 935 2857 ad
977 2810 1130 2860 multa
1169 2810 1263 2860 alia
1303 2811 1531 2873 exempla

126 2882 234 2930 <1¹1ae
261 2868 541 2944 Blpndellus
568 2888 636 2928 ,ex
674 2876 762 2924 SS.
789 2877 1078 2942 Epiphanio,
1118 2880 1379 2944 Cyprhmo,
1419 2878 1532 2927 Phi-

125 2944 378 2999 tostorg10‚
416 2937 655 3003 Gregorio
682 2943 952 3004 Turonensi
978 2947 1196 3012 collegit,

1431 3012 1529 3064 0672
