1852 3250
280 161 312 206 4
772 155 1202 239 TRACTATUS

272 293 628 349 distinctorum,
664 293 727 340 ad
754 294 917 343 munia
940 297 1276 346 ecclesiastica
1310 298 1689 351 destinatorum:

271 363 341 410 sic
365 372 601 424 sumptuS‚
630 371 702 408 est
721 361 893 426 aliquis
917 374 1070 412 status
1095 382 1398 429 permanens.
1463 373 1541 417 3⁰.
1583 371 1689 435 Sig-

270 431 438 478 nificat.
461 430 703 477 actionem
731 446 827 493 qua
855 431 1092 480 Ecclesiae
1126 434 1337 482 Ministri
1369 435 1416 482 in
1449 435 1533 484 illo
1557 450 1687 488 statu

270 497 632 546 constituuntur
651 508 700 545 et
719 498 781 545 ad
798 499 954 547 officia
972 500 1305 551 ecclesiastica
1323 516 1684 556 consecrantur.

272 567 410 631 Ordo
451 566 522 613 sic
559 575 812 629 acceptus,
849 580 923 615 est
955 568 1084 616 actio
1111 570 1367 630 transiens,
1406 573 1687 639 rectiusque

268 634 543 700 appellatur
567 634 823 682 Ordinatio
849 651 992 699 quam
1019 637 1170 685 Ordo.

334 702 703 751 ordinationem
728 703 854 751 hanc
880 704 1041 751 Latini
1066 706 1313 769 appellant
1349 725 1563 757 manuum
1598 711 1681 758 im-

256 772 548 837 positionem,
592 767 820 833 eoquod
862 771 909 818 in
950 773 1296 823 Sacerdotibus
1337 775 1681 841 inaugurandis

263 849 545 887 constanter
570 838 781 887 ecclesia
803 840 952 887 latina
977 857 1144 890 manus
1170 843 1467 906 imposuerit.

331 907 491 955 Graeei
510 907 730 954 eamdem
742 907 1111 957 Ordinationem
1127 921 1305 959 vocant
1322 912 1676 970 Keirotlcesiam,

260 992 370 1039 quae
394 975 569 1023 vocula
601 975 729 1023 idem
766 974 1008 1039 significat
1042 993 1101 1026 ac
1138 995 1363 1027 manuum
1399 980 1674 1043 impositio;

257 1045 346 1091 sed
372 1059 478 1091 eam
504 1044 751 1107 appellant
777 1045 929 1092 multo
953 1046 1254 1110 frequentius
1278 1048 1599 1106 Keirotonian,
1626 1048 1675 1095 id

258 1122 347 1166 est,
386 1128 614 1159 manuum
646 1123 1001 1162 extensmnem.

326 1179 582 1229 Ordinatio
625 1178 812 1227 definiri
855 1182 981 1229 solet
1026 1184 1375 1233 Sacramentum
1412 1201 1441 1230 a
1485 1182 1672 1232 Christo

252 1250 530 1304 institutum,
556 1266 644 1313 quo
665 1249 851 1305 Gratia,
875 1249 1190 1316 spiritalisque
1209 1260 1411 1316 potestas
1434 1255 1671 1316 confertur

252 1318 319 1365 ad
340 1316 546 1365 obeunda
584 1316 741 1365 munia
775 1316 1096 1374 ecclesiastica,
1128 1320 1389 1384 prcesertim
1423 1321 1489 1367 ad
1519 1337 1672 1369 conse-

248 1386 471 1434 crandam
499 1384 863 1443 Euclzaristiavb
899 1392 1156 1451 caeteraque
1188 1386 1468 1451 covy‘icienda
1497 1390 1669 1445 Sacra«,

247 1461 418 1501 menta.
1616 1498 1618 1501 ,

319 1521 368 1568 Si
396 1519 502 1583 quis
527 1519 766 1580 objecerit
801 1519 1131 1568 definitionem
1168 1522 1294 1569 banc
1331 1521 1518 1570 caeteris
1543 1523 1667 1570 infra

246 1587 557 1636 diaconatum
597 1587 862 1634 Ordinibus
899 1604 993 1635 non
1031 1589 1307 1646 convenire,
1347 1602 1397 1637 ut
1425 1601 1538 1653 pote
1564 1591 1663 1653 qui,

234 1661 381 1718 Juxta
397 1655 767 1720 probabiliorem
788 1655 1094 1712 sententiam,
1117 1673 1212 1706 nec
1224 1657 1316 1704 sint
1331 1658 1660 1715 Sacramenta,

242 1740 338 1772 nec
363 1741 391 1773 a
429 1722 624 1772 Christo
649 1723 884 1780 instit-uta,
922 1740 1213 1787 reponemus
1240 1737 1524 1773 consuetum
1552 1742 1660 1775 esse

241 1793 371 1857 apud
400 1792 680 1861 Tlieologos
705 1808 805 1839 rem
831 1792 1101 1839 seeundum
1131 1792 1428 1856 potissimam
1454 1793 1525 1841 sui
1551 1810 1659 1857 par-

241 1871 339 1909 tem
368 1859 586 1908 definire.
616 1874 618 1876 “

312 1928 362 1977 Si
399 1930 505 1993 quis
540 1936 703 1976 autem
740 1926 1025 1990 exquisierit
1066 1928 1415 1991 generaliorem
1454 1927 1660 1976 definiti-

240 2013 401 2053 onem,
452 2002 658 2060 quaeque
701 1995 1005 2043 inferioribus
1049 1996 1313 2044 Ordinibus
1355 1997 1655 2053 convenerit,

238 2066 474 2113 Ordinem
512 2064 844 2112 describemus
870 2064 1011 2110 ritum
1038 2081 1067 2112 a
1105 2065 1299 2113 Christo
1326 2066 1398 2112 vel
1428 2066 1654 2113 Ecclesia

235 2133 529 2190 institutum,
546 2140 651 2195 'quo
676 2130 781 2194 quis
807 2141 943 2178 certa
970 2132 1130 2180 munia
1156 2133 1487 2182 ecclesiastica
1510 2150 1652 2181 exer-

237 2202 380 2250 cendi
407 2204 697 2264 potestatem
724 2198 921 2263 accipit.

264 2300 268 2302 -
305 2271 421 2318 Duo
454 2269 656 2316 veniunt
691 2268 772 2313 hic
807 2268 1133 2331 expendenda
1174 2272 1247 2316 10.
1294 2285 1353 2316 an
1390 2285 1431 2318 a.
1456 2268 1649 2317 Christo

232 2338 485 2386 institutus
516 2336 664 2383 fuerit
691 2336 828 2382 Ordo
864 2336 1212 2393 hierarchicus,
1248 2353 1336 2384 Seu
1366 2346 1518 2388 status
1543 2338 1647 2399 qui·

232 2407 341 2453 dam
364 2405 701 2453 Ministrorum
726 2403 1166 2451 ecclesiasticorum
1188 2421 1214 2451 a
1238 2415 1366 2451 statu
1387 2404 1645 2451 Laicorum

232 2474 505 2522 distinctus.
575 2476 640 2519 2⁰.
680 2476 760 2520 An
786 2473 1035 2534 actio-,qua
1060 2472 1421 2522 constituuntur
1445 2472 1511 2518 illi
1551 2472 1645 2519 Ec-

232 2542 388 2588 clesiae
430 2540 658 2597 Ministri,
708 2556 792 2586 seu
833 2539 1104 2595 Ordinatio,
1158 2539 1219 2586 sit
1263 2540 1644 2586 Sacramentum.

232 2611 507 2671 Utrumque
540 2607 735 2670 negavit
761 2607 1026 2658 Lutherus‚
1061 2607 1143 2654 lib.
1168 2607 1228 2654 de
1255 2607 1443 2669 Captiv.
1477 2608 1643 2672 Babyl.

223 2687 346 2724 tom.
373 2682 417 2723 3.
445 2677 507 2723 de
533 2675 735 2731 Ordine,
775 2675 853 2726 ubi
880 2676 946 2729 ait
974 2676 1337 2723 Sacramentum
1365 2675 1560 2722 Ordinis
1586 2677 1643 2724 ab

226 2744 433 2793 Ecclesia
463 2745 640 2791 Christi
673 2743 902 2808 ignorari,
939 2743 1170 2790 inventum
1205 2760 1292 2806 que
1325 2759 1420 2789 esse
1453 2743 1512 2791 ab
1547 2745 1637 2791 Ec-

224 2811 362 2861 clesia
396 2813 546 2877 Papce
548 2846 651 2861 ......
657 2827 808 2859 omnes
834 2826 924 2861 ‚nos
957 2810 1200 2874 aequaliter
1232 2828 1328 2858 esse
1354 2812 1637 2867 Sacerdotes,

223 2881 306 2930 hoc
337 2888 418 2936 est,
454 2880 657 2926 eamdem
693 2876 742 2926 in
778 2877 911 2925 verbo
946 2885 989 2925 et
1025 2894 1302 2942 quocumque
1339 2880 1636 2935 Sacramenta

222 2947 388 2998 habere
412 2953 730 3013 potestatem:
772 2962 927 2997 verum
961 2962 1052 3001 non
1076 2943 1213 2999 licere
1246 2963 1527 3011 quemquam
1545 2945 1637 3020 (tao

415 3052 418 3054 .
1537 3029 1636 3076 ipsa
