1846 3250
616 149 713 199 DE
750 147 1248 198 MATRIMONIO.
1557 146 1655 197 389

216 280 259 328 si
294 281 354 330 ad
383 282 548 333 Fidem
575 284 866 333 catholicam
895 293 1277 333 reverterentur.
1350 282 1536 332 Verum
1584 299 1651 330 ex

222 348 401 401 Edicto
440 352 600 415 Regio
643 354 821 400 mensis
860 353 1151 400 Novembris
1186 369 1263 399 an.
1299 352 1448 403 1787.
1482 366 1651 399 omnes

211 415 266 462 in
293 417 466 466 Galliae
493 436 645 483 regno
688 436 780 468 non
808 420 1043 469 Catholici.
1073 430 1276 484 possunt
1301 419 1462 467 valide
1490 419 1654 483 quoad

212 494 524 534 contractum
552 487 741 535 civilem
763 487 1120 536 matrimonium
1145 487 1284 543 inire,
1305 487 1458 535 *modo
1485 502 1652 556 coram

204 550 434 602 jocorum
463 555 687 603 Parocho
711 566 797 604 aut
823 555 1038 613 Vicario,
1076 556 1155 604 vel
1180 572 1345 604 coram
1373 554 1526 618 Regis
1567 558 1658 602 aut'

216 616 539 677 Dominarum
566 624 904 686 temporalium
928 623 1111 671 Judice
1143 640 1435 673 consensum
1457 624 1651 687 praebu-

208 686 359 745 erint,
399 690 652 755 variasque
676 690 996 740 formalitates
1030 691 1079 738 in
1103 707 1165 740 eo
1193 692 1372 749 Edicto
1397 691 1652 757 praescrip-

216 763 290 801 tas
315 759 631 807 servaverint.
1441 793 1447 800 ·

286 823 475 879 Quaeres
505 830 580 873 10·
608 843 683 874 „an
710 826 1079 876 Catholicorum
1121 827 1351 891 conjugia
1387 826 1491 874 sine
1527 843 1652 890 prse-

208 890 369 938 sentia
395 892 604 941 Parochi
646 904 696 942 et
733 895 930 943 testium
967 904 1239 952 contracta,
1277 895 1416 942 nullo·
1436 893 1486 941 in
1514 910 1647 951 casu,

207 972 300 1004 nec
326 959 424 1006 ullo
446 959 497 1006 in
522 962 635 1010 loco
659 963 844 1024 possint
868 979 975 1010 esse
1002 963 1160 1010 valida
1176 963 1200 1008 Ρ
1293 961 1296 964 ’

275 1024 342 1071 R.
380 1042 438 1075 ea
476 1044 584 1076 esse
622 1029 781 1077 valida
829 1034 896 1076 10·
920 1030 971 1075 in
1016 1030 1138 1078 locis
1182 1030 1266 1078 ubi
1293 1028 1485 1078 Concil.
1510 1028 1645 1077 Trid.

204 1106 304 1138 non
362 1093 456 1142 fuit
513 1097 876 1160 promulgatum
941 1114 1037 1146 nec
1095 1114 1309 1161 unquam
1369 1108 1645 1161 receptum,

206 1170 262 1207 ut
297 1159 343 1206 in
374 1162 605 1222 Saxonia,
644 1165 857 1227 Anglia3
891 1174 995 1214 tum
1029 1166 1143 1230 quia
1167 1166 1278 1214 Lex
1304 1181 1401 1213 non
1428 1167 1647 1228 promul·

202 1235 320 1287 gata
356 1230 632 1280 nullatenus
672 1232 889 1296 obligat3
947 1244 1049 1281 tum
1100 1233 1214 1298 quia
1266 1233 1495 1297 Synodus
1544 1250 1645 1280 non

196 1294 309 1344 fVUlt
354 1313 494 1347 suum
545 1300 817 1348 Decretum
857 1301 1039 1350 habere
1080 1303 1175 1349 vim
1226 1301 1493 1365 obligandi,
1548 1300 1640 1349 nisi

199 1372 313 1423 post
370 1364 674 1428 trigesimum
733 1385 763 1416 a
820 1368 975 1432 prima
1040 1370 1435 1433 promulgatione
1495 1368 1641 1417 diem.

202 1429 366 1478 Aliter
402 1449 516 1481 vero
553 1435 816 1484 dicendum
854 1446 929 1485 est
965 1437 1028 1485 de
1061 1438 1369 1500 Regionibus
1407 1437 1489 1484 ubi
1525 1453 1638 1501 pro-

193 1498 469 1562 mulgatum
511 1513 585 1550 est
621 1504 782 1552 Cone.
809 1505 1100 1563 Decretum,
1139 1506 1258 1553 licet
1292 1505 1358 1552 ibi
1385 1504 1640 1553 dominen-

199 1573 278 1611 tur
331 1568 585 1627 Haeretici,
642 1571 712 1618 uti
759 1572 807 1618 in
847 1573 1115 1621 Hollandia
1159 1573 1209 1629 in
1261 1589 1372 1635 qua,
1425 1573 1636 1634 jubente

199 1630 425 1699 Philippo
451 1637 519 1684 ΙΙ.
554 1654 632 1685 an.
662 1641 807 1687 1565.
842 1640 1144 1703 publicatum
1189 1649 1265 1688 est
1306 1642 1462 1689 Cone.
1499 1640 1637 1689 Trid.

192 1697 272 1750 Ibi
304 1703 438 1750 enim
485 1706 794 1754 ,matrimonia
842 1708 1209 1756 Catholicorum
1258 1709 1398 1757 inter·
1433 1725 1487 1756 se
1532 1725 1635 1757 non

191 1780 386 1819 servata
421 1770 677 1836 disciplina
717 1774 852 1822 Trid.
891 1785 1004 1823 sunt
1041 1776 1371 1833 invalida,.ex
1423 1775 1635 1825 Constit.

194 1834 454 1885 Benedicti
496 1840 635 1888 XIV.
673 1843 892 1906 exceptis
941 1854 1105 1891 tamen
1150 1844 1343 1891 casibus
1382 1846 1631 1908 sequenti-

190 1899 299 1953 bus.
373 1905 612 1955 Nimirum
642 1910 720 1954 2⁰·
764 1926 827 1957 ex
867 1911 1043 1958 'tacita
1068 1911 1311 1967 Ecclesiae
1338 1911 1634 1975 dispensati-

192 1974 472 2021 on'evalent
513 1976 818 2025 matrimonia
856 1978 960 2026 sine
985 1979 1244 2042 praesenti'a
1270 1980 1476 2027 Parochi
1514 1997 1630 2028 con—

190 2047 350 2087 >,trama
390 2040 439 2091 in
482 2040 596 2105 ipsis
638 2043 759 2092 locis
805 2046 886 2092 ubi
927 2047 1125 2109 quidem
1167 2048 1440 2095 Decretum
1491 2048 1626 2096 'fi-id.

188 2108 675 2172 promulgatumest,
711 2113 790 2161 vel
828 2113 995 2178 aliquo
1038 2124 1261 2178 tempore
1298 2117 1630 2173 observatum,

184 2172 276 2221 sed
327 2175 408 2226 ubi
448 2177 608 2228 nullus
662 2188 737 2228 est
786 2181 1037 2231 Parochus
1082 2198 1174 2232 nee
1219 2183 1494 2247 Episcopus
1542 2187 1646 2247 qui'

189 2239 506 2294 Sacerdotem
533 2246 765 2308 delegare
790 2248 959 2310 possit,
994 2267 1088 2298 nec
1116 2250 1458 2300 Missionariu's
1482 2268 1625 2316 apos-

184 2307 364 2358 tolicus
388 2312 471 2374 qui
496 2312 627 2362 vices
653 2315 861 2377 Parochi
888 2317 966 2365 vel
994 2318 1228 2382 Episcopi
1253 2319 1499 2384 suppleat.
1545 2325 1623 2368 3⁰·

184 2373 296 2424 Pari
347 2379 535 2429 ratione
582 2383 745 2431 valent
792 2385 966 2432 eadem
1018 2385 1342 2445 matrimonia,
1381 2387 1420 2438 si
1472 2386 1623 2435 Paro-

181 2441 305 2490 chus
341 2454 392 2493 et
417 2446 708 2513 Episcopus,
744 2452 880 2499 nullo
923 2455 1191 2502 constituto
1229 2454 1445 2513 Vicario,
1484 2466 1623 2505 metu

184 2508 546 2562 Haereticorum
584 2517 784 2576 lateant,
820 2535 915 2568 *nec
963 2521 1150 2584 possint
1197 2522 1334 2570 adiri.
1431 2523 1529 2571 Sed
1569 2524 1621 2571 in

182 2575 262 2624 his'
292 2578 482 2630 duobus
524 2586 780 2647 postremis
816 2587 1010 2636 casibus
1044 2605 1168 2653 quos
1211 2590 1282 2639 sic
1309 2590 1506 2640 resolvit
1540 2608 1623 2640 sa·-

182 2659 267 2692 cra
315 2647 646 2715 Congregatio
683 2659 759 2702 an.
813 2659 959 2704 1603.
996 2655 1035 2704 si
1079 2657 1322 2707 Sacerdos
1369 2659 1616 2708 saecularis

178 2722 265 2759 aut
308 2716 542 2778 regularis
583 2719 785 2768 inveniri
829 2723 996 2786 possit,
1036 2741 1200 2773 coram
1225 2743 1286 2777 eo
1318 2727 1616 2775 contrahen-

176 2778 296 2826 dum
331 2783 440 2840 erit,
476 2791 592 2833 non'
615 2804 779 2837 coram
804 2790 1035 2840 Ministro
1075 2793 1322 2842 haeretico.
1392 2795 1610 2858 Insuper

179 2848 419 2916 servanda
465 2853 556 2901 e'rit
601 2855 770 2905 forma.
804 2858 942 2907 Trid.
980 2860 1143 2924 quoad
1179 2872 1345 2910 testes.
1413 2862 1521 2909 Imo
1566 2862 1607 2909 si

175 2913 396 2965 iocorum
434 2918 597 2985 Leges
639 2923 857 2989 exigant,
894 2928 1119 2977 standum
1162 2929 1253 2978 erit
1295 2930 1606 2979 coram-Ma·

1394 3006 1599 3060 gistratu
