1846 3250
190 182 295 250 5392
631 184 655 212 ν
686 181 1113 233 TRAcTATUs

71 361 77 368 ,
116 306 126 315 ”
189 324 492 371 consuetam,
545 307 851 366 matrimonio
881 321 1073 382 jungat,
1111 318 1243 382 quod
1292 332 1437 366 nemo
1484 318 1629 369 dixe-

190 384 250 431 rit
301 383 363 430 de
390 381 614 430 Parocbo
656 384 773 431 nihil
820 396 1017 449 agente,
1052 386 1335 450 nullamque
1382 387 1624 436 benedic-

196 451 379 497 tionem
434 449 733 513 proferente.
804 453 1013 515 Insuper
1054 454 1334 502 L‘udovicus
1362 454 1501 501 XIV.
1546 470 1623 502 an.

199 519 347 588 1697.
398 517 647 580 prohibuit
694 536 758 567 ne
817 520 1045 584 conjugia
1092 537 1180 585 per
1238 521 1621 570 declarationem

191 584 349 632 mutui
386 601 668 642 consensus,
707 588 930 635 Parocho
971 588 1229 644 renitente,
1267 605 1430 636 coram
1467 589 1623 637 Nota-

193 653 275 700 riis
312 652 553 718 (mariage
589 669 619 701 a
660 654 707 701 la
746 653 1020 718 gaulmine)
1056 655 1260 703 effectus
1302 655 1468 704 civiles
1508 672 1624 704 con-

193 731 532 784 sequerentur.
622 722 785 769 Multa
832 733 1029 770 exstant
1079 724 1335 772 Curiarum
1377 738 1625 786 suprema«-

193 804 298 835 rum
345 789 580 843 Decreta,
635 790 810 852 quibus
862 790 1167 838 matrimonia
1214 799 1416 855 propter
1472 791 1624 838 bene-

194 856 422 904 dictionis
463 856 691 919 nuptiali-s
732 857 1040 906 omissionem
1068 858 1379 906 declarantur
1413 858 1625 905 invalide

194 935 246 970 et
282 924 480 973 abusive
517 935 788 983 contracta,
833 925 1020 974 etiamsi
1069 926 1340 990 aliquando
1372 926 1623 974 Parochus

191 991 655 1054 praesens‘adf'uerit.

202 1081 210 1086 .
266 1061 457 1115 Quoeres
496 1059 570 1120 8⁰.'
626 1058 731 1123 quis
776 1062 839 1108 sit
888 1061 1138 1110 Parochus
1187 1066 1324 1122 cujus
1367 1059 1622 1124 praesentia

192 1127 390 1174 omnino
415 1127 688 1175 necessaria
714 1137 804 1185 est,
841 1144 899 1176 an
928 1129 1125 1191 originis
1151 1131 1222 1177 vel
1252 1129 1481 1176 domicilii
1509 1144 1624 1175 con-

190 1195 506 1252 trahentium,
558 1211 619 1242 an
667 1196 763 1243 loci
812 1194 893 1243 ubi
942 1197 1262 1254 contrahitur,
1298 1212 1358 1243 an
1405 1195 1494 1242 viri
1541 1207 1620 1243 aut

191 1262 424 1317 mulieris,
453 1263 488 1309 si
516 1262 609 1310 sint
635 1262 837 1310 diversae
878 1264 1168 1312 Parochiae?

260 1331 321 1377 R.
369 1334 444 1376 10·
480 1331 744 1378 fatentibus
786 1331 1025 1389 omnibus,
1062 1330 1366 1396 praesentiam
1413 1329 1624 1378 Parochi

192 1397 424 1445 domicilii
473 1397 867 1446 contrahentium
923 1415 1029 1447 esse
1072 1399 1412 1447 necessariam.
1506 1397 1623 1445 Per-

191 1465 309 1514 inde
344 1477 418 1514 est
460 1475 621 1514 tamen
647 1465 749 1514 sive
785 1467 871 1513 viri
904 1468 1004 1516 sive
1035 1468 1246 1515 mulieris
1266 1467 1328 1513 sit
1356 1466 1620 1513 Parochus.

194 1534 326 1581 Usus
370 1545 532 1582 tamen
579 1534 781 1582 invaluit
829 1545 884 1583 ut
925 1536 1204 1583 celebretur
1262 1534 1623 1581 matrimonium

193 1617 357 1649 eoram
403 1601 626 1648 Parocho
668 1601 898 1658 mulieris,
934 1602 1019 1650 sed
1069 1603 1131 1650 de
1178 1601 1375 1649 licentia
1414 1600 1621 1649 Parochi

191 1670 297 1715 viri.
371 1669 446 1716 Ita
475 1668 758 1717 Cardinales
785 1669 974 1717 Concil.
1003 1670 1139 1717 Trid.
1178 1671 1494 1732 Interpretes.

262 1736 545 1785 Notandum
600 1746 674 1783 est
715 1746 896 1794 autem,
951 1753 1013 1785 ex
1062 1753 1151 1784 usu
1196 1747 1245 1785 et
1291 1736 1430 1799 praxi
1479 1736 1618 1798 hujus

191 1805 331 1868 regni
368 1803 602 1867 generali,
640 1804 882 1852 licentiam
925 1821 984 1852 eo
1021 1804 1126 1868 ipso
1163 1805 1323 1852 datam
1362 1814 1411 1851 et
1454 1803 1625 1851 obten-

189 1884 292 1920 tam
319 1872 522 1927 censeri,
561 1887 657 1935 quo
698 1872 780 1919 ille
818 1870 1011 1935 scriptis
1050 1883 1255 1920 testatus
1293 1880 1366 1919 est
1393 1871 1623 1918 Parochi-

192 1942 271 1988 ani
305 1941 379 1988 sui
415 1941 590 1999 banna,
645 1939 838 1988 nemine
888 1940 1272 1998 contradicente,
1324 1938 1622 2003 proclamata

188 2009 355 2057 fuisse.

262 2080 340 2124 2⁰·
378 2078 563 2125 Peccat
601 2077 795 2140 quidem
828 2088 878 2126 et
914 2077 1292 2142 reprehensione
1332 2075 1506 2139 dignus
1549 2084 1623 2122 est

195 2146 445 2192 Parochus
485 2145 581 2207 qui,
630 2145 805 2208 spretis
856 2147 1061 2194 Parochi
1103 2146 1300 2193 alterius
1348 2143 1497 2207 partis
1534 2153 1630 2189 tes·

192 2212 519 2260 tvirnonialibus
545 2213 763 2271 Litteris,
799 2224 961 2275 partes
1003 2214 1201 2262 diversae
1231 2211 1481 2259 Parochiae
1523 2225 1623 2256 ma-

190 2280 417 2327 trimonio
443 2279 725 2343 conj·ungit;
762 2281 849 2327 sed
891 2297 986 2327 non
1014 2280 1124 2328 ideo
1149 2280 1334 2326 irritum
1362 2290 1433 2325 est
1460 2277 1622 2324 matri-

194 2348 428 2403 monium,
457 2353 602 2409 juxta
630 2348 904 2396 Collatores
942 2348 1093 2395 Paris.
1132 2358 1180 2394 et
1219 2346 1476 2407 Andegav.
1513 2354 1623 2406 post

195 2432 346 2464 sacrae
391 2416 641 2479 Congreg.
684 2414 1066 2462 declarationem
1115 2431 1257 2477 quam
1301 2413 1451 2460 refert
1502 2412 1627 2474 Fag-

193 2500 364 2541 nanus,
425 2499 533 2547 cap.
600 2484 740 2540 Quod
793 2482 924 2531 nohis
980 2484 1038 2530 cle
1096 2482 1339 2531 clandest.>
1390 2482 1617 2544 Despons'.

195 2551 343 2599 Ratio
392 2562 481 2607 est,
527 2551 640 2614 quia
683 2551 873 2599 Concil.
915 2550 1031 2598 Trid
1069 2550 1213 2596 docet
1263 2547 1619 2595 matrimonium

193 2618 391 2681 quidem
442 2634 548 2666 csse
593 2618 938 2666 celebrandum
975 2625 1207 2682 prcesenie
1254 2616 1486 2669 Ρανουῆο,
1526 2630 1623 2660 non

193 2696 357 2734 autem
407 2687 726 2748 praesentibus
775 2686 1024 2733 Pan-ochis.
1122 2685 1171 2732 Si
1234 2695 1396 2730 tamen
1437 2682 1620 2729 ibidem

174 2752 370 2803 »omissa
402 2763 539 2800 {esset
582 2769 778 2816 quoque
824 2754 1091 2800 bannorum
1136 2751 1470 2815 proclamatio,
1510 2765 1625 2797 cen-

193 2833 270 2869 set
318 2822 386 2868 D.
431 2819 630 2868 Pothier
675 2831 785 2883 post
828 2822 1151 2885 Bag-aenean,
1205 2834 1264 2866 ex
1307 2818 1390 2865 illo
1438 2816 1622 2879 duplici

196 2889 397 2936 defectu
437 2888 621 2934 irritum
666 2903 773 2935 esse
819 2888 1210 2943 matrimonium3
1262 2900 1354 2936 nee
1398 2885 1620 2947 profecto

196 2957 330 3005 leves
389 2954 615 3004 videntur
670 2971 834 3004 eorum
886 2956 1096 3004 ratio-nes
1157 2970 1289 3020 quas.
1333 2953 1450 3067 vidi}
1490 2949 1621 3065 {pud

1448 3025 1491 3067 ot
1527 3033 1612 3075 zer-2
