1846 3250
186 178 283 226 ⁶212
606 254 613 261 ί
689 176 1113 229 TRACTATUS
1153 184 1158 188 ’

196 324 287 369 est,
329 311 497 360 definit
543 320 730 375 septem
779 330 885 362 esse
929 315 1256 374 Sacramenta,
1307 315 1353 361 in
1398 329 1605 380 quorum

196 396 397 430 numero
425 379 792 428 Matrimonium
819 382 1042 431 collocat.

265 448 402 495 Idem
430 446 577 494 docet
604 448 793 511 Eugen.
818 451 909 498 IV.
950 450 994 497 in
1017 452 1234 499 Decreto
1250 467 1338 514 pro
1361 450 1605 499 Armenis.

269 517 421 564 Cone.
470 515 604 562 Ttid.
651 530 767 564 sess.
814 519 893 565 24.
929 535 1034 566 can.
1081 522 1121 566 Ι.
1203 520 1256 566 Sz'
1295 521 1396 581 quis
1436 519 1605 568 dixerit

201 583 558 634 Matrimonium
596 602 686 632 non
705 601 801 634 esse
818 603 922 635 vere
943 604 997 634 ac
1011 585 1207 649 proprie
1237 604 1374 633 unum
1399 604 1423 635 e
1439 594 1606 651 septem

200 651 344 716 Le‘gz's
367 650 641 714 evangelica?
679 655 989 702 Sacram-entis
1026 671 1055 701 α
1090 654 1272 701 Christo
1297 654 1498 702 Domino
1536 654 1608 701 in·

201 720 422 775 stitutum,
447 719 528 766 sed
549 719 605 767 ab
619 720 912 768 hominibus
895 739 942 769 m
967 721 1174 769 Ecclesia
1198 721 1445 780 inventum,
1465 737 1606 786 neque

206 786 420 837 Gratiam
444 789 668 852 conferre,
704 788 948 837 anathema
967 790 1041 837 sit.

612 922 862 972 Solvuntur
912 924 1206 987 OQjcctz'ones.

278 1057 378 1119 Obj.
408 1060 483 1104 1⁰·
517 1075 614 1106 cum
642 1058 1013 1108 Protestantz'bus
1048 1068 1208 1109 contra
1239 1062 1279 1106 1.
1294 1058 1619 1122 probationem

208 1144 262 1175 ex
306 1126 561 1191 Scripturis
596 1127 926 1191 depromptam.
1000 1128 1112 1176 Non
1159 1127 1310 1190 ipsum
1360 1126 1616 1174 Matrimo-

208 1194 340 1241 nium
388 1204 589 1240 vocatur
625 1195 685 1240 ab
722 1195 959 1256 Apostolo
1000 1208 1221 1261 magnum·
1257 1198 1616 1250 Sacramentum,

213 1261 300 1309 sed
342 1261 445 1324 ipsa
488 1261 666 1309 Christi
715 1278 824 1308 cum
876 1263 1097 1310 Ecclesia
1142 1263 1268 1319 unio,
1307 1279 1410 1323 quae
1450 1276 1618 1308 revera

212 1344 438 1392 magnum
483 1339 556 1376 est
601 1329 964 1376 Sacramentum
1003 1346 1087 1378 seu
1123 1329 1419 1395 mysterium.
1486 1328 1619 1391 Ergo

212 1395 581 1445 Matrimonium
626 1396 884 1460 nequidem
911 1397 1098 1461 signum
1141 1408 1214 1446 est
1253 1414 1315 1445 ex
1355 1398 1419 1445 D.
1449 1396 1620 1451 Paulo,

214 1464 394 1511 nedum
436 1463 496 1511 sit
534 1480 698 1512 verum
741 1480 798 1512 ac
836 1465 1028 1529 proprie
1069 1465 1250 1515 dictum
1296 1481 1431 1512 novae
1471 1464 1619 1528 Legis

211 1533 597 1580 Sacramentum.
1544 1558 1545 1561 =

284 1601 345 1647 R.
386 1615 480 1646 non
499 1599 723 1647 unionem
751 1599 927 1648 Christi
953 1617 1064 1649 cum
1090 1600 1327 1658 Ecclesia,
1354 1600 1475 1648 sed
1465 1615 1619 1663 ipsum

222 1666 588 1715 Matrimonium
609 1667 769 1714 vocari
790 1683 818 1714 a
837 1668 901 1715 D.
922 1669 1074 1716 Paulo
1098 1685 1324 1731 magnum
1347 1669 1628 1716 Sacramen-

219 1747 339 1791 tum,
383 1737 458 1782 10·
496 1734 607 1797 quia
646 1734 716 1782 sie
762 1734 1141 1799 interpretantur
1168 1736 1466 1792 Ambrosius,
1504 1735 1628 1783 Hie-

219 1818 467 1866 ronymus,
505 1802 895 1866 Chrysostomus,
945 1804 1247 1867 Augustinus
1296 1813 1342 1851 et
1384 1803 1462 1850 alii
1504 1817 1623 1867 quos

223 1870 341 1918 citat
368 1869 688 1917 Bellarminus
713 1871 793 1918 lib.
823 1874 863 1917 1.
890 1870 950 1918 de
977 1872 1189 1919 Matrim.
1216 1888 1319 1935 cap.
1347 1872 1393 1918 2.

291 1940 337 1984 2.
375 1938 500 1991 Quia
523 1938 570 1983 in
596 1947 737 1985 textu
775 1954 931 2001 graeco
969 1939 1160 2002 legitur,
1199 1957 1283 2003 ego
1321 1947 1468 1986 (tutem
1510 1937 1627 1994 dico,

224 2007 273 2054 in
317 2006 548 2053 Christum
590 2014 631 2053 et
667 2007 715 2054 in
753 2005 1042 2055 Ecclesiam:
1084 2023 1188 2069 quae
1229 2004 1629 2054 verba'indicant

226 2073 468 2120 Christum
503 2089 609 2121 esse
646 2074 902 2121 terminum
938 2074 999 2121 ad
1041 2091 1184 2138 quem
1218 2074 1425 2122 refertur
1462 2073 1633 2120 Sacra-

224 2154 440 2188 mentum
467 2140 527 2187 de
564 2157 657 2202 quo
693 2141 903 2204 loquitur
931 2143 1212 2206 Apostolus,
1248 2159 1344 2190 non
1379 2157 1492 2188 vero
1518 2156 1628 2188 eum

227 2225 333 2256 esse
358 2208 510 2270 ipsum
543 2209 921 2255 Sacramentum.

298 2279 375 2323 30·
414 2277 675 2339 Apostolus
719 2275 869 2323 dixit:
910 2278 1255 2325 Sacramentum
1295 2276 1377 2325 hoc
1418 2291 1629 2339 magnum

229 2352 313 2391 est.
383 2346 453 2390 At
492 2360 603 2391 vero
642 2360 922 2407 pronomen,
977 2344 1072 2400 hoc,
1109 2344 1379 2391 necessario
1425 2343 1632 2390 refertur

229 2411 387 2458 adid
423 2412 553 2475 quod
601 2411 821 2475 proxime
866 2411 1112 2474 praecedit.
1193 2410 1420 2458 Proxime
1467 2421 1630 2457 autem

233 2480 517 2541 praecedunt
564 2479 668 2527 haec
715 2480 893 2526 verba:
934 2478 1184 2544 Relinquet
1227 2487 1406 2542 patrem
1450 2487 1492 2525 et
1537 2494 1633 2524 ma-

233 2555 363 2604 trem,
399 2557 441 2595 et
466 2547 712 2596 adhaerebit
737 2547 871 2595 uxori
909 2560 1017 2604 suae‚
1052 2555 1096 2594 et
1118 2554 1252 2594 erunt
1285 2548 1376 2594 (luo
1413 2546 1463 2594 in
1498 2553 1639 2593 carne

234 2631 343 2668 una,
381 2616 553 2678 quibus
580 2615 690 2662 unio
714 2615 812 2662 veri
852 2624 902 2662 et
926 2614 1134 2661 mulieris
1159 2630 1244 2660 seu
1272 2612 1634 2660 Matrimonium

237 2682 540 2743 exprimitur.
604 2682 743 2746 'Ergo
788 2683 1148 2730 Sacramentum
1193 2681 1252 2729 de
1289 2698 1385 2745 quo
1425 2680 1636 2744 loquitur

243 2750 526 2812 Apostolus,
581 2749 852 2798 necessario
898 2749 1103 2797 refertur
1149 2748 1209 2796 ad
1259 2747 1638 2803 Matrimonium,

240 2833 337 2864 non
364 2829 525 2864 autem
554 2817 614 2864 ad
642 2817 864 2864 unionem
892 2817 1067 2866 Christi
1094 2834 1202 2865 cum
1230 2816 1468 2865 Ecclesia.

313 2886 429 2933 Inst.
451 2885 504 2931 ln
526 2884 725 2947 praefato
744 2886 854 2932 loco
872 2885 1085 2948 loquitur
1103 2885 1366 2949 Apostolus
1391 2885 1451 2931 de
1470 2879 1640 2931 Matri-

245 2952 404 3001 monio
433 2951 604 3000 Adami
629 2968 738 3002 cum
766 2952 884 3014 Eva,
921 2953 1155 3017 siquidem
1179 2953 1326 3001 utitur
1350 2952 1461 3016 ipsis
1486 2947 1640 3064 vderbis

1448 3019 1492 3066 A
1531 3030 1640 3073 ami,
