1846 3250
277 155 372 201 132
780 152 1204 206 TRACTATUS

269 288 417 346 refert
443 287 558 351 quid
583 287 653 335 vir
691 288 1039 348 schismaticus,
1076 290 1290 339 intrusus
1318 301 1364 340 et
1391 308 1419 339 a
1446 293 1557 340 Deo
1594 293 1673 340 de-

270 367 427 404 sertus
468 354 637 418 egerit.
709 357 932 423 Aliunde·
961 358 1142 415 iteratae
1169 376 1197 406 a
1223 360 1399 407 Photio
1431 361 1679 408 Ordinati-

271 440 406 485 onesi
432 425 565 471 velut
589 424 917 487 gravissimum
945 426 1127 474 crimen
1152 427 1326 491 passim
1359 429 1487 491 apud
1512 444 1678 476 omnes

268 492 446 540 habitae
469 501 597 539 sunt.

335 559 457 608 Inst.
504 565 550 610 9.
598 561 835 608 Ecclesiae
878 578 906 609 a
954 562 1129 609 Photio
1177 573 1473 610 consecratae
1521 564 1675 624 ejusd.

273 629 463 677 Concil.
500 638 607 676 can.
639 634 686 676 4.
713 634 856 691 jussae
890 642 1001 676 sunt
1038 646 1202 678 rursus
1243 631 1472 678 dedicari.
1546 633 1675 696 Ergo

268 697 370 759 pari
397 695 583 744 ratione
621 713 743 744 nova
769 697 1087 745 Ordinatione
1112 699 1396 762 indigebant
1437 699 1674 747 Sacerdo-

268 777 342 812 tes
368 766 427 812 ab
448 781 506 812 eo
530 765 817 813 consecrati.

336 833 401 879 R.
437 849 540 894 neq.
580 849 759 896 conseq.
800 841 842 879 et
870 836 1145 897 paritatem.
1193 834 1520 882 Ecciesiarum
1548 833 1675 882 enim

254 901 676 949 'Consecrationes
726 900 847 963 juris
916 913 1027 949 sunt
1099 912 1284 949 tantum
1345 902 1680 950 ecclesiastici.

270 969 418 1017 Unde
443 968 637 1032 quando
662 980 844 1017 *contra
875 985 1083 1017 canones
1109 983 1315 1033 peractae
1352 982 1478 1028 sunt,
1512 970 1674 1017 iterari

266 1035 468 1100 possunt
486 1040 549 1085 'ac
575 1037 784 1094 debent;
819 1054 958 1085 secus
986 1038 1327 1086 Ordinationes
1364 1055 1471 1103 quae
1495 1039 1542 1084 in
1558 1043 1670 1100 jure
1727 1083 1729 1087 .

266 1104 428 1152 divino
446 1104 730 1153 fundantur.

345 1173 431 1221 Ob.
456 1177 535 1220 4⁰·
560 1173 741 1221 Versus
764 1173 910 1221 finem
936 1177 982 1221 9.
1018 1173 1254 1221 Ecclesiae
1278 1189 1388 1221 saec.
1415 1173 1672 1220 Formosus

269 1241 551 1290 Portuensis
563 1241 976 1306 Episcopus,licet
995 1242 1064 1287 vir
1084 1258 1271 1304 magnae
1294 1240 1561 1288 sanctitatis
1572 1239 1674 1304 opi--

263 1309 410 1357 nione
450 1309 711 1368 florens,'a
746 1311 938 1359 Joanne
971 1310 1113 1357 VIII.
1136 1310 1375 1357 variorum
1419 1308 1672 1357 criminum

267 1378 532 1437 incusatus,
566 1377 614 1424 in
654 1377 852 1442 Synodo
889 1377 1135 1439 depositus
1167 1387 1239 1425 est
1274 1393 1331 1424 ac
1367 1377 1673 1436 anathemate

264 1447 546 1510 perculsum
580 1446 668 1493 sed
691 1456 859 1509 postea
882 1463 909 1493 a
934 1444 1128 1493 Marino
1152 1445 1353 1494 Joannis
1388 1459 1669 1493 successore

265 1511 632 1577 pristinaelSedi
673 1514 919 1561 restitutus
962 1525 1051 1569 est,
1087 1529 1145 1561 ac
1181 1513 1393 1570 tandem,
1428 1512 1668 1560 renitente

267 1581 527 1630 admodum
548 1582 735 1645 Sergio,
761 1582 808 1627 in
831 1581 1006 1628 Sedem
1027 1582 1292 1629 Romanam
1309 1582 1511 1635 electus,
1531 1596 1676 1643 quam

263 1649 494 1714 suscepit,
526 1658 573 1697 et
598 1664 685 1711 per
708 1665 797 1696 sex
821 1665 969 1703 annos
993 1664 1179 1696 summa
1203 1665 1312 1696 cum
1337 1649 1481 1697 laude
1498 1649 1672 1709 guber-

264 1717 413 1773 navit,
451 1728 505 1765 ut
541 1716 692 1765 refert
732 1717 984 1765 Baronius.
1019 1721 1090 1764 At
1139 1717 1412 1780 Stephanus
1461 1716 1548 1763 VI.
1593 1715 1670 1763 vel

265 1785 393 1834 illius
417 1785 467 1833 in
490 1784 618 1834 Sede
645 1786 866 1833 Romana
900 1800 1152 1833 successor
1184 1801 1292 1832 eum
1317 1784 1560 1848 sepultum
1587 1799 1670 1831 ex·

262 1853 448 1902 humari
474 1853 705 1918 praecepit
739 1870 797 1901 ac
822 1864 1045 1914 tanquam
1070 1853 1309 1900 viventem
1351 1852 1398 1898 in
1431 1850 1670 1913 judicium

261 1923 468 1979 vocavit,
504 1921 859 1978 condemnavit,
897 1922 944 1967 in
971 1921 1184 1968 Tiberim
1204 1919 1547 1984 projicijussit‚
1575 1919 1669 1966 Or-

262 1991 615 2039 dinationes-ab
642 2006 701 2038 eo
723 1990 877 2037 factas
900 1990 1066 2036 irritas
1097 1988 1361 2037 declaravit
1386 1997 1434 2034 et
1457 1986 1665 2043 iteravit,

264 2069 317 2106 ut
342 2059 505 2107 videre
530 2068 604 2106 est
627 2058 757 2121 apud
791 2057 1145 2122 Luitprandum
1170 2057 1253 2105 lib.
1282 2061 1325 2105 l.
1360 2055 1491 2103 Hist.
1512 2070 1664 2102 sacrae

259 2143 368 2189 cap.
395 2130 440 2174 8.
465 2142 610 2188 quem
634 2125 789 2173 secuti
825 2135 937 2172 sunt
974 2125 1215 2173 Martinus
1242 2125 1453 2173 Polonus
1484 2133 1535 2171 et
1561 2122 1668 2170 Pla·

259 2195 375 2242 tina.
412 2197 746 2257 Quaecumque
770 2208 884 2239 vero
909 2207 937 2239 a
964 2192 1210 2256 Stephano
1236 2202 1285 2240 et
1309 2194 1368 2240 ab
1394 2208 1452 2238 eo
1478 2190 1666 2238 ordina-

257 2260 318 2311 tis
343 2273 455 2311 acta
471 2261 681 2316 fuerant,
703 2271 873 2324 postea
890 2259 1172 2308 confirmata
1193 2269 1303 2307 sunt
1330 2276 1357 2306 a
1379 2256 1548 2321 Sergio
1565 2256 1669 2303 ΙΙΙ.

263 2331 344 2396 qui
389 2329 601 2379 Formosi
639 2339 782 2377 antea
827 2327 1133 2391 competitor,
1173 2327 1349 2375 Sedem
1399 2326 1666 2372 Romanam

261 2399 521 2463 aliquando
546 2397 740 2446 tandem
776 2405 1115 2460 occupaverat,
1153 2405 1204 2441 ut
1237 2393 1400 2441 videre
1425 2403 1497 2440 est
1535 2391 1666 2455 apud

264 2469 570 2531 Sigebertum
596 2466 658 2513 ad
682 2481 759 2513 an.
799 2467 911 2511 900.
937 2466 1050 2512 902.
1075 2466 1187 2511 903.
1212 2462 1325 2511 907.
1398 2460 1530 2524 Ergo
1567 2459 1664 2506 duo

265 2537 314 2583 S.
343 2535 619 2590 Pontifices,
656 2533 828 2596 quibus
872 2531 951 2579 alii
1000 2528 1229 2595 Episcopi
1276 2528 1667 2585 consentiebant,

263 2602 479 2652 Formosi
504 2601 846 2650 Ordinationes
868 2599 1025 2646 irritas
1041 2614 1144 2646 esse
1169 2597 1474 2645 definierunt.

274 2700 277 2703 -
329 2661 400 2719 'It‘
448 2669 602 2716 Missa
647 2667 957 2731 responsione
1005 2665 1318 2731 quorumdam
1367 2664 1449 2728 qui-
1496 2673 1667 2711 contra

265 2749 479 2803 apertam
517 2736 759 2790 factorum
795 2734 1057 2782 veritatem·
1093 2742 1200 2798 post
1233 2732 1539 2796 Onuphrium
1585 2746 1669 2777 vo-

263 2809 369 2855 lunt
393 2806 493 2852 haec
518 2804 678 2850 omnia
703 2818 808 2851 esse
843 2802 1077 2859 fabulosa,
1115 2817 1179 2848 ex
1203 2798 1414 2848 facinore
1446 2798 1666 2847 omnibus

267 2875 433 2923 odioso
485 2871 600 2918 nihil
646 2886 786 2934 posse
843 2869 1083 2917 concludit
1127 2868 1353 2916 adversus
1400 2866 1666 2915 doctrinam

265 2941 500 2992 Ecclesiae
541 2938 603 2987 de
642 2954 738 2987 non
774 2937 1002 2986 iterandis
1034 2937 1469 2986 Ordinationibus.>
1507 2925 1666 3000 Atqui

274 3022 293 3034 “’
695 3034 698 3037 ’
1304 3029 1309 3034 ·
1562 3007 1674 3046 acta
