1846 3250
485 177 582 226 DE
618 173 1115 226 MATRIMONIO.
1432 176 1535 226 597-

107 326 231 360 unus
256 321 444 361 tantum
469 328 497 360 e
523 310 923 360 contrahentibus
948 311 1119 375 Vagus
1141 308 1284 369 soret,
1322 316 1378 359 ut
1398 308 1533 377 >satis

100 379 403 444 intelligitur.
1124 401 1126 406 ⁸

181 448 373 503 Quaeres
419 450 530 496 160·
570 463 630 496 an
684 445 1043 495 matrimonium
1095 454 1402 495 contractum
1451 462 1536 495 co-

104 528 211 561 ram
241 514 438 580 proprio
483 515 705 563 Parocho
743 515 791 560 in
834 514 992 562 aliena
1033 514 1290 573 Parochia,
1320 513 1534 563 validum

105 580 209 628 sit?
1540 627 1545 633 .

174 649 241 695 R.
286 651 576 714 ffrmative‚
637 648 750 714 quia
807 648 1074 696 celebrati-o
1122 648 1413 697 matrimonii
1462 660 1538 698 est

109 727 251 764 actus
294 718 644 779 jurisdictioniS
682 716 1003 771 voluntariae‚·
1053 732 1162 777 quae
1207 728 1372 780 potest
1436 718 1541 766 ubi-

109 797 205 845 que
247 785 487 833 exerceri.
577 786 655 833 Ita
683 786 937 848 Fagnanus
961 785 1011 830 in
1053 799 1160 847 cap.
1213 784 1445 841 Quoniam
1480 787 1540 835 de

119 850 550 902 constitutionibus.
651 853 874 900 Postulat
907 861 1074 899 tamen
1123 851 1246 899 ordo
1297 862 1353 900 ut
1388 853 1539 901 Paro-

111 917 233 966 chus
257 920 351 967 sibi
375 921 606 968 Subditos
630 920 678 966 in
702 921 919 968 alterius
961 918 1202 966 Parochia
1232 920 1539 968 matrimonio

111 1001 207 1032 non
244 992 525 1050 conjungat,
576 988 666 1034 nisi
718 987 852 1051 prius
904 987 1105 1034 obtenta
1139 986 1282 1048 hujus
1331 987 1541 1034 Parochi

109 1061 193 1099 aut
221 1053 451 1118 Episcopi
475 1055 690 1102 licentia.

186 1120 376 1176 Quaeres
421 1125 531 1172 170·
567 1137 626 1169 an
659 1120 870 1168 validum
924 1120 985 1168 sit
1011 1120 1386 1169 matrimonium'
1413 1122 1544 1175 cele·

112 1187 304 1235 bratum
323 1205 494 1237 coram
520 1189 744 1237 Parocho
768 1188 982 1236 nondum
1013 1188 1282 1237 Sacerdote
1300 1190 1326 1235 P

182 1256 245 1303 R.
280 1254 328 1302 in
369 1257 613 1305 sententia
648 1271 817 1304 eorum
877 1256 957 1320 qui
996 1257 1304 1304 contendunt
1352 1266 1548 1306 contra·-

115 1322 287 1370 hentes
312 1339 419 1372 esse
442 1324 578 1372 istius
624 1324 926 1372 Sacramenti
969 1324 1238 1382 Ministros‚
1267 1323 1545 1374 Parochum

114 1405 237 1437 vero
289 1391 531 1440 duntaxat
587 1392 886 1456 praecipuum
952 1401 1145 1451 testem,
1193 1393 1356 1441 valere
1415 1392 1548 1440 istud

117 1457 493 1517 matrimonium,
528 1469 633 1506 tum
677 1459 726 1506 in
779 1458 967 1506 ratione
1017 1470 1317 1517 contractus,
1345 1469 1450 1508 tum
1497 1459 1548 1506 in

116 1525 304 1574 ratione
366 1527 683 1575 Sacramenti.
779 1529 849 1574 At
883 1527 932 1574 in
968 1529 1216 1575 sententia
1246 1542 1415 1575 eorum
1465 1526 1549 1591 qui

116 1593 398 1641 existimant
426 1595 743 1643 Sacerdotem
769 1594 924 1641 solum
953 1610 1059 1641 esse
1084 1595 1228 1658 hujus
1263 1594 1552 1642 Sacramen-

118 1660 153 1706 ti
182 1661 480 1720 Ministrum,
517 1677 615 1709 non
647 1661 776 1709 v-alet
814 1661 866 1707 in
906 1661 1094 1709 ratione
1123 1661 1426 1710 Sacramenti
1451 1677 1551 1710 ma-

119 1726 395 1777 trimonium
432 1745 460 1776 a
496 1745 594 1776 non
633 1729 902 1777 Sacerdote
939 1730 1262 1788 celebratum,
1298 1739 1352 1777 ut
1396 1739 1562 1793 patet„

122 1795 269 1843 Valet
301 1805 464 1844 tamen
501 1796 548 1842 in
583 1797 771 1844 ratione
811 1806 1109 1854 conflamus,
1169 1798 1240 1844 uti
1282 1796 1553 1845 declaravit

119 1878 257 1910 sacra
286 1864 619 1928 Congregatio
659 1863 867 1914 Concilii
908 1867 1162 1914 an.1578.
1203 1864 1333 1927 apud
1361 1864 1562 1928 Fagna·‚

120 1946 234 1977 num
287 1932 336 1977 in
390 1947 496 1994 cap.
560 1931 790 1986 Quoniam
864 1932 922 1978 de
973 1931 1407 1998 Con-stitutionibus‚
1459 1930 1554 1979 nisi

124 1998 319 2045 obstent
345 1998 510 2046 civiles
534 1998 758 2045 locorum
779 1998 959 2075 Leges·

195 2064 447 2128 Quidquid
471 2066 549 2122 sit‚
586 2065 633 2110 in
660 2066 801 2128 praxi
828 2064 979 2113 tutius
1021 2075 1094 2112 est
1119 2082 1178 2114 ac
1205 2065 1474 2114 consultius
1500 2075 1558 2114 ut

126 2131 375 2179 Parochus
423 2100 638 2180 nondum
693 2132 933 2180 Sacerdos
986 2133 1082 2180 hoc
1131 2150 1307 2186 munus
1356 2132 1560 2182 νίοετὶσ

124 2209 205 2245 aut
233 2200 370 2246 alteri
400 2199 652 2247 Sacerdoti
684 2201 972 2247 committat.

196 2268 325 2315 Nota
358 2267 407 2313 in
445 2267 619 2314 Galliis
652 2268 838 2314 nullum
891 2283 1021 2314 nunc
1073 2284 1216 2330 posse
1252 2284 1359 2317 esse
1408 2269 1559 2317 Paro·

128 2332 289 2389 chum,
318 2334 406 2381 nisi
431 2333 493 2381 sit
520 2335 776 2391 Sacerdos,
806 2345 857 2382 et
881 2349 1057 2382 annum
1087 2338 1167 2383 25.
1193 2335 1254 2384 sit
1280 2337 1505 2399 adeptus.

199 2401 387 2454 Quoeres
420 2405 528 2449 180·
553 2418 612 2449 an
649 2403 810 2449 valeat
847 2402 1204 2457 matrimonium
1248 2413 1558 2450 contractum

127 2483 289 2515 cor-am
335 2468 557 2520 Parocho
598 2485 849 2532 suspenso,
887 2471 1332 2529 excommunicato,
1380 2471 1458 2518 vel
1493 2469 1557 2516 ir·
1619 2523 1622 2525 ,

129 2534 356 2596 regulari,
382 2536 692 2583 schismatico
716 2538 791 2583 vel
819 2536 1050 2584 haeretico
1069 2538 1092 2582 :2
1554 2569 1556 2573 .

185 2571 261 2648 ἱἢ.
300 2602 479 2657 valere,
517 2604 662 2650 modo
700 2604 952 2651 Parochus
987 2604 1178 2652 nonsit
1223 2603 1557 2653 denuntiatus.

132 2669 208 2716 Ita
252 2668 584 2732 Congregatio
625 2671 831 2718 Concilii
878 2670 1150 2718 Tridentini
1193 2673 1326 2736 apud
1370 2672 1561 2735 Fagna-

132 2752 245 2781 num
272 2735 319 2780 in
346 2748 494 2811 caput
520 2738 718 2794 Litterae
751 2756 891 2814 quas.
946 2740 1122 2786 Ratio
1165 2751 1238 2787 est
1278 2740 1391 2804 quia
1430 2741 1560 2788 Con-

134 2802 311 2848 cilium
323 2802 605 2867 simpliciter
629 2805 781 2868 exigit
809 2807 1113 2870 praesentiam
1142 2808 1367 2855 Parochi.
1439 2806 1560 2853 Por-

134 2885 188 2915 ro
228 2870 482 2928 Sacerdos,
521 2871 584 2919 de
626 2888 722 2936 quo
764 2874 941 2936 agitur,
978 2874 1136 2938 reipsa
1180 2875 1429 2922 Parochus
1468 2882 1561 2920 est.

136 2936 340 3002 Insuper
364 2937 720 2991 matrimonium
756 2941 886 2989 istud
929 2943 1062 2989 nullo
1095 2941 1228 2990 ,luris
1251 2952 1382 2990 statu
1406 2940 1562 2987 irrita-

1476 3018 1555 3054 tur
1600 3001 1619 3010 “
