1846 3250
539 159 636 211 DE
676 157 1174 213 MATRIMQNIO.
1471 155 1579 207 265

144 297 379 354 tradere,
392 293 480 344 sed
522 293 764 344 duntaxat
807 303 917 355 post
957 292 1157 355 aliquod
1196 288 1437 368 temporis
1458 304 1576 352 spa-

146 364 284 420 tium,
307 380 352 411 v.
375 379 423 426 g.
448 359 590 412 unius
614 359 728 417 diei,
767 371 820 411 ut
839 359 1205 418 denuntientur,
1241 359 1281 408 si
1328 374 1437 422 quae
1459 358 1572 414 sint,

123 447 125 449 ¹
143 429 533 505 impedimenta.

216 496 360 551 Quod
395 496 434 544 si
471 504 581 559 post
615 493 772 544 factas
830 492 1227 545 denuntiationes
1281 492 1345 545 ad
1379 503 1573 555 tempus

143 565 293 628 paulo
317 562 520 627 longius
557 560 805 613 differatur
841 560 1218 618 matrimonium,
1280 560 1415 612 novis
1453 575 1576 623 opus

146 641 221 681 est
256 628 702 680 denuntiationibus
742 638 793 680 ut
852 638 1180 691 cognoscatur
1228 645 1406 679 novum
1443 625 1578 690 quod

147 691 355 747 subciiri
406 696 568 763 potuit
624 694 1042 758 impedimentum.
1131 696 1352 758 Spatium
1411 705 1579 747 autem

147 765 270 816 illud
293 766 538 815 diversum
564 773 637 813 est
663 780 750 828 pro
775 762 976 814 diversis
995 761 1132 813 locis·
1203 763 1262 811 In
1288 757 1579 826 quibusdam

151 833 463 885 Dioecesibus
488 831 731 883 sufficiunt
756 831 854 882 duo
878 845 1087 885 menses,
1124 831 1172 883 in
1198 830 1302 880 aliis
1326 829 1581 894 requirun-

152 911 231 949 tur
256 910 353 950 tres
378 910 463 952 aut
489 912 714 965 quatuor,
740 914 825 946 sex
850 914 965 946 vero
996 898 1205 946 Parisiis.

225 969 416 1025 Quaems
444 971 522 1015 30·
559 967 677 1031 quid
702 967 763 1014 sit
787 964 1159 1029 intelligendum
1183 965 1391 1065 peristas
1416 979 1582 1021 voces,

151 1037 275 1087 mter
299 1036 562 1085 Missurum
585 1033 833 1085 solemnia
821 1033 847 1068 9

221 1104 283 1152 R.
319 1101 393 1150 his
418 1102 578 1152 verbis
617 1098 882 1162 significari
925 1099 1130 1152 Missam
1173 1083 1505 1173 parochialem
1532 1108 1582 1148 et

157 1169 352 1246 quidem
378 1169 546 1218 solam.
635 1168 749 1215 Non
773 1168 904 1215 valet
927 1166 1076 1229 igitur
1102 1164 1370 1219 bannorum
1396 1167 1584 1218 denua

153 1236 291 1287 tiatio
315 1236 363 1286 in
389 1236 492 1288 aliis
542 1234 706 1287 Missis
746 1246 795 1283 et
843 1236 1191 1349 ‹guoquomodo
1229 1247 1373 1287 extra
1415 1237 1583 1285 Missae

154 1303 446 1367 parochialis
467 1303 827 1353 solemnitatem
870 1302 999 1355 'aeta-
1071 1303 1120 1355 Si
1147 1304 1310 1367 plures
1337 1305 1383 1352 in
1410 1305 1592 1353 eadem*

159 1370 385 1420 Ecclesia
412 1371 578 1421 Miss'ae
597 1379 709 1418 sunt
734 1369 1056 1433 parochiales,
1093 1370 1140 1417 in
1190 1387 1483 1436 unaquaque
1516 1388 1587 1421 ,ex

156 1438 248 1488 illis
273 1439 336 1486 ad
362 1438 550 1488 libitum
576 1437 893 1500 proclamatio
919 1437 1020 1489 fieri
1048 1449 1225 1500 potest.
1276 1439 1439 1502 Vulgo
1466 1450 1588 1488 tern-

158 1522 248 1568 pus
274 1505 470 1568 eligitur
494 1522 589 1567 quo
615 1505 935 1568 Evangelium
964 1505 1145 1567 exponi
1172 1506 1314 1553 solet.
1348 1538 1350 1541 v
1449 1532 1451 1536 >

228 1572 462 1621 Fevretus
506 1572 672 1621 T.ract
707 1572 770 1623 de
806 1572 1002 1626 Abusu,
1041 1572 1122 1622 lib.
1164 1577 1210 1620 5.
1254 1589 1297 1623 c,
1340 1576 1387 1627 2.
1426 1591 1473 1623 n.
1508 1576 1588 1622 23

160 1640 413 1690 contendit
455 1641 724 1689 bannorum
768 1637 1210 1703 ptomulgationem
1255 1650 1392 1689 extra
1422 1642 1586 1691 Missae

160 1707 450 1774 parochialis
485 1706 735 1761 solemnia,
779 1722 823 1755 v.
859 1722 907 1767 g.
944 1704 1071 1759 inter
1113 1723 1338 1769 vesperas
1388 1708 1587 1767 factam,

152 1771 383 1827 ,daturam
407 1789 514 1822 esse
538 1773 587 1823 in
614 1773 777 1828 Gallia
799 1773 962 1824 locum
1002 1774 1317 1836 appellationi
1357 1787 1523 1840 tanqu
1513 1795 1589 1826 im

161 1842 331 1893 abusu.
401 1843 479 1890 Ita
511 1840 750 1902 judicavit
775 1856 1000 1903 suprema
1027 1842 1176 1889 Curia
1214 1842 1474 1903 Tolosam,
1513 1861 1590 1896 an.

169 1912 317 1961 1642.
353 1918 407 1959 ut
443 1908 609 1956 videre
661 1907 835 1958 estin
891 1905 1200 1957 Dictionario
1257 1914 1591 1961 Arrestorum.

165 1976 302 2023 Idem
333 1978 523 2023 Auctor
548 1974 728 2022 ibidem
776 1975 982 2021 alterum
1020 1975 1069 2021 in
1095 1975 1236 2023 simili
1264 1992 1412 2026 causa
1431 1979 1589 2028 Curiae

159 2057 402 2105 supremae
450 2041 732 2091 Parisiensis
770 2057 847 2090 an.
900 2043 1041 2093 1608.
1130 2045 1389 2094 Arrestum
1425 2046 1593 2104 refert,
1648 2087 1650 2089 .

168 2126 265 2172 quo
292 2108 543 2163 Paiochus
575 2108 724 2171 Legis
766 2109 1010 2186 infractor
1049 2108 1098 2156 in
1124 2110 1366 2174 judicium
1394 2126 1592 2163 vocatus

169 2188 258 2228 est.
330 2176 575 2228 Dubitant
610 2186 773 2226 tamen
816 2176 894 2226 alii
938 2176 1024 2227 viri
1069 2179 1246 2227 eruditi
1288 2179 1359 2227 in
1379 2195 1438 2229 eo
1476 2198 1593 2262 casu

167 2243 403 2304 ejusmodi
427 2243 741 2308 appellationi
765 2243 928 2295 locum
955 2243 1072 2294 dari.

165 2376 247 2430 De
278 2376 400 2431 loco,
428 2376 477 2427 in
529 2396 636 2443 quo,
650 2378 778 2442 fieri
823 2386 1034 2443 oporteat
1089 2351 1367 2430 Bannorum
1413 2384 1597 2449 procla·

746 2482 751 2487 -
801 2449 960 2504 matio.

240 2578 363 2626 Cum
406 2589 599 2628 constet
638 2596 699 2627 ex
728 2580 870 2631 dictis
908 2582 1069 2632 banna
1108 2581 1234 2631 intra
1275 2584 1477 2633 Missam
1515 2601 1597 2650 pa·

170 2643 435 2698 rochialem
471 2662 577 2698 esse
611 2648 962 2706 denuntianda,
1021 2649 1243 2712 sequitur
1292 2650 1341 2698 in
1393 2651 1601 2716 ipsamet

174 2710 397 2764 Ecclesia
421 2714 700 2776 parochiali,
722 2731 818 2766 non
845 2726 1011 2765 autem
1038 2717 1100 2769 ad
1124 2722 1227 2779 eJus
1253 2718 1399 2778 soree,
1416 2735 1475 2769 ea
1491 2737 1598 2770 esse

171 2778 542 2841 promulganda.

246 2845 439 2902 Quave-5
484 2850 559 2894 1⁰·
594 2863 656 2896 an
704 2865 897 2925 semper
945 2851 1152 2909 sufficiat
1204 2853 1366 2903 banna
1418 2855 1466 2901 in
1504 2868 1601 2903 una

174 2911 422 2965 Parochia
423 2914 758 2979 proclamari>

1535 2943 1599 3037 a.
