1852 3250
686 160 781 209 DE
823 159 1119 209 ORDINE.
1553 163 1616 211 13

263 298 477 348 Isidorus
504 296 823 361 Hispalensis,
857 295 942 343 lib.
963 296 1009 344 7.
1045 294 1321 360 Oiiginum‚
1349 311 1393 343 c.
1423 298 1498 360 12.
1525 296 1617 346 Ge-

198 387 279 416 ne1
280 367 432 423 ahter,
459 364 627 428 inquit,
650 362 819 414 Clerzcz'
841 371 1168 428 nuncupantur
1191 382 1228 413 ο
1221 378 1344 413 unes
1362 365 1442 430 qui
1459 364 1507 412 in
1527 365 1617 413 Ec

196 426 331 484 clesia
360 432 460 482 Dei
482 433 766 490 deserviant,
810 450 1002 497 quorum
1032 432 1212 497 gradus
1245 439 1287 480 et
1314 432 1498 481 nomina
1524 432 1619 481 lzaec

193 512 317 561 sunt,
340 502 597 560 Οείἱανίαε,
623 496 898 560 Psalmista,
934 502 1122 554 Lector,
1159 501 1423 558 Exercista,
1451 499 1620 565 Acoly-

195 580 285 630 tus,
316 569 648 627 SubdiaconuS,
676 570 932 625 Diaconu3‚
962 568 1233 633 Proesbrzster
1255 576 1300 615 et
1319 568 1594 635 Episcopus,

264 638 503 705 Alcuinus
523 637 632 685 Lib.
648 637 710 684 de
730 636 901 684 divinis
919 636 1119 693 Officiis,
1146 652 1255 699 cap.
1277 638 1356 684 34.
1377 636 1439 684 de
1460 638 1621 686 eccle-

194 702 390 757 siastico
418 706 619 761 Ordine,
643 716 829 769 septem
858 704 1068 753 Ordines
1093 705 1353 767 praedictos
1378 716 1619 754 recenset.

265 777 323 824 In
351 774 535 824 Oidine
565 775 803 831 Romano,
830 783 946 821 tom.
978 776 1052 821 10.
1078 772 1399 831 Bibliothecae
1420 773 1619 821 Patrum

198 844 403 893 totidem
429 853 789 898 enumerantur,
815 841 953 890 Idem
980 841 1160 889 docent
1181 841 1475 897 Annum-ius,
1503 843 1620 889 For-

200 923 414 965 tunatus,
440 911 656 959 Isidorus
681 911 946 966 Mercator,
975 910 1208 957 Rabanus
1229 910 1450 968 Maurus,
1476 914 1519 958 &
1542 910 1624 959 alii

198 980 337 1048 multi
361 997 480 1047 quos
505 978 625 1027 citat
651 978 706 1025 V·
696 978 887 1026 ltassius
910 978 959 1025 in
985 978 1222 1026 Tractatu
1247 977 1309 1026 de
1335 977 1539 1027 Ordine.

272 1048 412 1098 Proh
442 1050 522 1095 20·
546 1047 838 1096 auctoritate
862 1047 1051 1094 illorum
1079 1046 1158 1109 qui
1185 1046 1425 1095 Ordinum
1452 1063 1621 1096 eorum

199 1117 386 1182 aliquos
411 1125 494 1164 aut
525 1117 687 1180 plures
723 1125 1121 1163 commemorant.
1191 1115 1264 1163 Ut
1289 1114 1417 1162 enim
1447 1115 1621 1164 Sacer-

200 1186 340 1234 dotes
364 1189 406 1232 &
432 1183 676 1238 Diaconos
711 1183 1124 1248 pretermittamus
1149 1182 1212 1231 de
1246 1184 1421 1248 quibus
1458 1185 1621 1249 Scrip-

201 1264 321 1302 turae
345 1250 638 1315 loquuntur(

333 1321 723 1370 ·Subdiaconos
754 1331 804 1369 et
832 1320 988 1384 Aeol)
997 1332 1070 1367 tos
1096 1332 1200 1367 aevo
1224 1337 1313 1368 suo
1340 1324 1443 1382 jam
1467 1319 1617 1370 fuisse

201 1387 249 1435 in
275 1390 502 1438 Ecclesia
536 1388 685 1437 refert
719 1389 949 1471 Cyprian.
1021 1388 1177 1451 Epist.
1215 1389 1299 1435 24.
1323 1392 1405 1437 28.
1431 1392 1511 1440 78.
1540 1392 1620 1441 79.

202 1457 328 1572 edito
349 1456 565 1519 Rigaltii.
1067 1456 1091 1494 ’ἲ

339 1495 581 1574 ’CO-oncil
605 1523 765 1572 Tolet.
797 1500 987 1571 lfcan.
1013 1528 1060 1571 4.
1098 1523 1452 1584 Subdiaconos,
1490 1525 1623 1575 Osti-

203 1593 345 1651 arios,
371 1593 608 1641 Lectores
633 1602 882 1644 memorat.
928 1638 930 1641 Α

272 1662 544 1709 Exercistae
558 1660 787 1723 leguntur
802 1659 849 1705 in
863 1657 1019 1723 Epist.
1038 1659 1075 1706 F
1077 1658 1301 1721 irmiliani,
1318 1660 1380 1708 ad
1393 1661 1624 1726 Cyprian.

203 1729 329 1778 inter
353 1728 569 1792 ejusdem
591 1727 822 1793 Cypriani
848 1727 1107 1791 Epistolas,
1141 1727 1186 1774 in
1209 1730 1364 1777 Con-c.
1391 1730 1623 1794 Carthag.

205 1803 252 1846 4.
293 1815 399 1846 can.
425 1802 504 1846 90.
545 1797 676 1860 apud
722 1795 963 1844 Hilarium
988 1796 1099 1844 Lib.
1124 1796 1186 1844 de
1214 1797 1438 1862 Synodis,
1476 1799 1624 1847 Hier·

194 1883 372 1932 pnym
402 1866 450 1912 in
475 1883 517 1913 c.
543 1868 591 1912 2.
613 1865 675 1913 ad
700 1866 882 1912 Titum.

272 1936 350 1983 De
369 1935 409 1982 Ι
415 1933 658 1983 ectoribus
677 1933 970 1981 mentionem
991 1930 1177 1979 faciunt
1199 1933 1486 1983 Tertullian.
1511 1934 1623 1984 Lib.

207 2003 268 2050 de
288 2001 737 2064 Piaescriptionibus
761 2001 927 2047 haeret.
954 2016 997 2047 c.
1017 2004 1098 2047 41.
1124 2000 1395 2063 Cyprianus
1417 2002 1624 2068 Epistol.

208 2074 288 2117 24.
314 2081 362 2118 et
390 2073 469 2126 34.
507 2069 952 2133 Concil.Ca1-thag.
989 2071 1268 2117 3.can..19
1306 2072 1623 2131 Bracarense,

208 2155 299 2187 can
332 2142 407 2185 11.

276 2205 371 2260 Qui
392 2205 484 2255 alia
502 2204 776 2254 testimonia
794 2203 1014 2263 volueiit,
1034 2204 1178 2255 adeat
1197 2203 1458 2255 Vitassium
1479 2207 1624 2256 modo

209 2274 475 2323 laudatum.

277 2343 423 2392 Prob-
463 2346 529 2390 3⁰
563 2358 622 2390 ea:
669 2340 808 2390 Conc.
857 2339 989 2389 Trid.
1043 2341 1174 2405 quod
1213 2352 1323 2406 post
1364 2343 1492 2406 Eug.
1536 2343 1625 2392 IV.

208 2410 534 2473 septenarium
571 2426 766 2473 quoque
805 2409 1044 2457 Ordinum
1082 2426 1334 2457 numerum
1371 2423 1625 2461 recenset.

216 2479 582 2527 Consentaneum
597 2479 726 2542 fuit,
770 2477 922 2539 inquit
956 2494 1072 2526 sess.
1112 2480 1191 2525 23.
1217 2495 1261 2526 c.
1287 2481 1334 2524 2.
1373 2488 1424 2527 ut
1459 2497 1508 2527 m
1534 2481 1626 2529 Ec-

210 2545 345 2595 clesia
371 2546 714 2595 ordinatzssz'ma
732 2545 1027 2611 dispositione
1046 2545 1203 2612 plures
1226 2554 1270 2595 et
1286 2547 1458 2596 diversi
1480 2558 1628 2598 essent

214 2615 544 2664 Mcssnissrorum
571 2615 768 2662 Ordines
808 2614 888 2678 qui
932 2614 1187 2662 sacerdotio
1228 2634 1283 2663 ex
1306 2604 1451 2682 offici-o
1475 2618 1629 2665 deser-

213 2683 378 2734 virent,
405 2681 471 2729 ita
495 2681 730 2756 distribriti
754 2689 804 2729 ut
827 2683 1019 2746 qui-jam
1045 2681 1247 2730 clericali
1267 2691 1459 2732 tonsum
1484 2685 1628 2750 insur-

213 2748 304 2795 mli
327 2759 487 2804 essent,
518 2767 606 2813 per
627 2747 823 2809 mitiores
847 2751 912 2796 ad
933 2754 1127 2814 majores
1151 2752 1464 2801 ascenderent.
1499 2752 1627 2800 Nam

215 2833 307 2863 non
331 2808 473 2864 solum
510 2818 568 2873 de¹
604 2818 938 2873 SacerdotibuS,
973 2819 1056 2866 sed
1076 2826 1120 2865 et
1143 2819 1201 2866 de
1230 2819 1450 2868 Diaconz's
1475 2832 1625 2869 Sacrae

214 2884 409 2931 Litterae
446 2892 650 2947 apertam
694 2894 965 2933 mentzonem
992 2885 1193 2947 faciunt,
1230 2894 1274 2935 et
1314 2887 1371 2935 ab
1409 2889 1509 2952 ipso
1533 2888 1627 2935 Ec-

213 2951 361 3001 clesia>
383 2951 515 3002 initio
538 2953 818 3017 sequentimn
846 2953 1072 3004 ordinum
1099 2955 1283 3004 nomina
1307 2963 1445 3021 atque
1469 2955 1627 3004 unius-

1411 3039 1628 3089 carusque
