1846 3250
204 144 309 197 478«
700 140 1142 193 XTRACTATUS

197 277 393 328 tationis
418 274 630 339 juridice
653 275 804 340 possit
829 277 1078 340 postulare
1103 289 1152 326 et
1175 278 1454 357 impetrare.
1543 285 1626 330 ΞΟ·

200 346 283 395 Ad
308 344 542 408 eJusmodi
569 343 826 391 divortium
869 360 967 391 non
1009 346 1189 409 requiri
1213 348 1324 394 vitae
1352 348 1625 412 periculum

198 413 415 471 evidens,
453 412 540 460 sed
565 410 804 468 sufficere,
831 410 869 458 si
895 412 1067 460 merito
1093 413 1336 463 timeatur.
1407 418 1489 463 30·
1511 416 1625 465 Non

197 480 419 529 sufficere
445 495 587 526 unam
615 488 700 526 aut
725 479 925 525 alteram
953 478 1121 534 rixam,
1163 496 1258 526 non
1284 482 1416 529 leves
1441 482 1625 531 discor-

196 548 316 606 dias,
353 547 440 596 sed
467 546 643 608 requiri
668 545 837 609 gravia
860 546 1096 607 convicia.
1168 548 1314 597 Unde
1339 548 1377 596 si
1404 550 1467 597 ob
1493 551 1624 599 leves

192 631 365 664 causas
390 613 648 662 divortium
681 612 852 661 facere
876 613 992 661 velit
1017 619 1232 676 conjux,
1277 616 1405 662 omni
1445 628 1624 665 conatu

192 694 244 731 et
279 683 388 732 zelo
422 682 706 729 incumbere
743 680 925 728 debent
960 681 1171 729 Par-ochi
1230 693 1279 729 et
1327 683 1621 732 Confessarii

192 762 259 798 ut
284 752 344 798 ab
403 748 639 810 eJusmodi
698 747 964 811 propositio
1023 748 1342 797 dimoveatur.
1430 754 1510 799 40
1563 753 1622 800 In

183 816 374 881 judicio
409 818 615 865 ferendo
653 815 857 863 multum
894 816 1155 864 attendunt
1189 817 1394 864 Judices
1420 818 1481 865 ad
1510 834 1623 883 per-

192 900 419 949 sonarum
447 883 760 947 qualitatem3
786 892 898 929 sunt
923 878 1050 930 enim
1075 883 1282 931 foeminae
1313 884 1518 943 nobiles,
1545 886 1621 934 vel

190 954 317 1001 bene
343 944 592 1008 institutae,
631 966 834 1014 quarum
879 962 1106 1014 respectu
1146 950 1467 1000 immoderata
1490 954 1626 1000 saevi-

193 1020 262 1068 tia
286 1019 474 1068 censeri
498 1018 665 1094 possit,
710 1033 818 1080 quae
860 1027 1089 1081 respectu
1131 1019 1247 1066 ahai
1252 1035 1329 1067 um
1357 1019 1624 1068 humilioris

191 1098 347 1138 status
370 1101 469 1143 non
497 1085 585 1132 nisi
606 1085 765 1132 levior
806 1095 936 1132 esset
980 1085 1219 1134 molestia.
1304 1090 1385 1135 50·
1423 1087 1623 1136 Docent

188 1152 534 1203 Jurisconsulti
578 1151 759 1200 Gallici
805 1151 1058 1199 mulierem
1102 1152 1355 1200 criminum
1398 1154 1620 1215 gravissi·

187 1238 393 1278 morum,
429 1236 536 1283 quae
570 1218 763 1284 probari
800 1234 896 1265 non
932 1230 1152 1282 possunt,
1188 1236 1218 1267 a
1258 1221 1431 1268 marito
1472 1236 1618 1271 accu-

189 1302 360 1346 satam,
397 1286 708 1337 habitationis
729 1286 1087 1351 separationem
1113 1297 1282 1351 petere
1307 1304 1465 1353 posse.

584 1420 677 1471 'De
699 1418 806 1470 aliis
829 1421 1022 1472 divortii
1046 1421 1212 1471 causis.

202 1568 204 1571 ·
256 1554 450 1605 Limine
486 1554 693 1604 naturali
734 1556 1040 1619 compertum
1094 1566 1166 1604 est
1217 1572 1615 1621 unumquemque

186 1624 342 1672 teneri
402 1634 590 1671 aeternae
647 1639 749 1671 suae
806 1623 951 1671 saluti
1007 1639 1067 1671 ac
1101 1624 1212 1671 vitae
1260 1624 1614 1673 conservationi

185 1691 348 1756 potius
372 1705 516 1754 quam
544 1690 742 1737 alterius
769 1691 1043 1737 consulere.
1320 1713 1323 1716 Δ
1351 1716 1355 1719 -
1442 1715 1447 1718 -
1495 1716 1500 1717 ν

256 1757 392 1806 Hinc
422 1761 499 1804 10·
533 1756 781 1806 dementia
814 1757 956 1803 unius
992 1760 1252 1819 conjugum
1289 1756 1507 1821 legitima
1539 1767 1613 1805 est

185 1824 525 1906 separationis
538 1840 701 1881 causa,
740 1822 821 1872 ubi
863 1823 949 1871 ad
977 1836 1088 1871 eum
1142 1823 1345 1886 gradum
1395 1824 1616 1887 pervenit
1678 1873 1681 1877 Δ

186 1908 285 1957 quo
321 1897 502 1954 conjux
540 1908 650 1939 cum
690 1897 899 1954 conjuge
935 1891 1038 1939 sine
1073 1891 1207 1953 gravi
1250 1890 1469 1954 pexiculo
1516 1908 1615 1939 non

186 1959 340 2024 possit
387 1960 621 2009 habitare
702 1959 782 2007 Ita
827 1956 1048 2023 pluribus
1096 1958 1312 2007 Arrestis
1339 1959 1612 2025 Judicatum

182 2038 273 2076 est.

249 2093 385 2143 Hinc
421 2096 502 2142 20·
539 2093 681 2141 unius
716 2097 978 2168 conjugum
1037 2089 1086 2138 in
1144 2090 1342 2141 alterius
1388 2092 1610 2157 conjugis

179 2161 327 2210 vitam
363 2161 621 2210 attentatio
658 2157 746 2225 p'er
780 2158 992 2216 insidiam,
1041 2175 1282 2207 venenum
1329 2170 1412 2208 aut
1459 2160 1612 2209 alium

182 2229 398 2281 modum
436 2229 590 2277 altera
624 2238 696 2279 est
723 2224 1049 2304 separationis
1099 2241 1265 2274 causa.
1350 2227 1488 2274 Idem
1537 2227 1612 2274 di-

183 2295 396 2345 cendum
433 2296 496 2343 de
522 2294 649 2342 malo
675 2295 960 2355 contagioso
990 2293 1118 2355 quod
1143 2293 1295 2356 serpit
1320 2304 1370 2341 et
1395 2310 1609 2343 commu·

181 2363 390 2418 nicatur,
427 2374 479 2411 ut
516 2360 698 2426 pariter
723 2361 996 2422 Jutlicatum
1034 2370 1108 2407 est
1143 2359 1385 2408 nonnullis
1434 2363 1611 2409 Arres-

183 2431 262 2479 tis.
358 2428 432 2478 Eo
457 2440 619 2477 tamen
647 2438 888 2486 cessante,
925 2436 1121 2483 tenetur
1146 2430 1327 2490 conjux
1353 2427 1415 2475 ad
1441 2432 1612 2490 conju-

183 2515 294 2561 gem
322 2497 531 2561 regredi.
625 2496 761 2544 Hinc
785 2495 929 2543 etiam
956 2499 1134 2556 conJux
1160 2493 1417 2542 divortium
1441 2494 1609 2544 facere

183 2575 363 2629 potest,
401 2563 594 2628 quando
621 2563 748 2620 vitae,
786 2563 925 2610 iamae
947 2560 1075 2608 illius
1099 2561 1173 2609 vel
1216 2561 1424 2609 fortunae
1459 2578 1609 2625 grave

182 2632 528 2681 detrimentum
565 2631 779 2678 inferunt
832 2628 988 2677 mariti
1024 2628 1225 2691 flagitia,
1262 2629 1407 2677 modo
1457 2630 1605 2677 celari

182 2715 278 2747 non
304 2699 489 2762 possint
514 2707 563 2745 et
588 2713 703 2744 mox
731 2696 911 2747 Judici
951 2695 1217 2743 deferenda
1248 2695 1359 2752 sint,
1399 2696 1474 2744 vel
1502 2700 1623 2759 Jam

182 2766 382 2831 publice
411 2776 541 2819 nota.
632 2766 710 2813 Ita
731 2763 1014 2812 decernitur
1055 2763 1212 2826 Lege,
1248 2780 1483 2821 consensu,
1521 2779 1603 2811 co-

181 2834 292 2882 dice
310 2834 382 2882 de
407 2830 660 2897 Repudiis‚
694 2832 822 2898 sique
845 2830 1061 2879 maritum
1084 2846 1214 2877 suum
1246 2830 1549 2898 vencfficum,
1533 2830 1605 2879 vel

179 2909 301 2953 certe
323 2908 484 2955 contra
510 2899 748 2965 imperium
789 2897 972 2965 aliquid
1007 2896 1281 2960 molientem,
1318 2890 1389 2947 vel
1399 2896 1604 2962 filszta

1539 2964 1601 3011 tis
