1846 3250
262 156 365 213 400
774 156 1211 210 TRACTATUS

250 287 494 338 statutum
536 296 611 336 est
650 288 841 341 Edictis
887 294 1034 341 1639.
1075 303 1126 342 et
1169 293 1314 345 1697.
1362 291 1586 344 nimirum
1618 307 1688 347 ut

249 356 452 421 probari
505 355 658 420 possit
704 357 863 408 hocce
910 360 1265 409 matrimonium
1323 361 1392 409 de
1443 379 1689 412 consensu

257 422 504 477 Ordinarii
540 433 623 471 aut
652 422 859 473 Pax-ochi
876 442 992 475 esse
1018 437 1342 487 contractum,
1379 446 1542 494 neque
1579 447 1688 480 esse

260 490 634 539 clandestinum.
1223 514 1235 524 -

326 559 403 606 50·
443 558 728 621 Requiiitur
775 568 830 607 ut
876 559 960 608 illa
992 560 1196 610 licentia
1238 573 1498 627 acceptata
1541 565 1692 613 fuerit

256 626 334 672 vel
376 626 612 690 explicite
653 627 730 674 vel
765 626 1018 690 implicite,
1068 628 1281 692 alioquin
1318 646 1416 678 non
1461 643 1690 681 censetur

255 693 387 742 data.

324 761 569 813 Caeterum
611 760 852 808 Sacerdos
891 762 954 809 ad
980 762 1270 812 matrimonii
1308 721 1687 814 celebrationem

257 827 516 891 delegatus
554 827 602 873 in
645 828 897 876 Parochiae
940 831 1145 893 regestis
1187 841 1358 879 notare
1405 832 1553 881 debet
1592 850 1688 896 qua

253 905 502 959 potestate
549 895 723 956 egerit,
777 911 838 943 an
887 906 1117 960 tanquam
1167 898 1443 956 vicarius,
1461 916 1524 946 an
1572 917 1694 948 vero

254 974 484 1024 tanquam
510 962 711 1025 speciali
751 962 951 1010 licentia
991 966 1234 1013 munitus·
1268 965 1366 1013 imo
1413 966 1462 1012 in
1496 968 1691 1015 casibus

255 1029 489 1093 praefatis,
527 1029 701 1092 quibus
733 1030 916 1093 scripto
953 1032 1080 1079 tradi
1113 1032 1284 1091 debet,
1335 1034 1540 1098 expedit
1581 1051 1691 1082 eam

255 1099 496 1160 integram
523 1096 569 1142 in
590 1096 796 1159 regestis
815 1097 1027 1145 inscribi.

330 1165 523 1220 Quaeres
548 1165 660 1209 220·
714 1174 876 1211 utrum
921 1165 1161 1214 Sacerdos
1202 1166 1263 1213 ab
1304 1166 1553 1230 Episcopo
1602 1180 1686 1216 aut

256 1232 485 1279 Parocho
509 1231 570 1278 ad
597 1240 785 1278 certum
828 1232 1074 1292 quoddam
1101 1234 1456 1281 matrimonium
1490 1235 1692 1297 delega-

255 1311 350 1354 tus,
389 1298 539 1360 possit
580 1298 726 1345 alium
773 1298 1092 1348 Sacerdotem
1131 1300 1193 1348 ad
1233 1300 1354 1347 illud
1395 1301 1526 1349 idem
1562 1303 1691 1350 cele-

252 1367 493 1419 brandum
521 1365 788 1428 delegare?

324 1434 392 1480 R.
426 1433 658 1498 negative,
710 1432 801 1480 nisi
849 1443 1013 1481 tamen
1061 1434 1414 1498 subdelegandi
1475 1446 1689 1499 potesta-

255 1513 354 1548 tem
381 1501 485 1563 ipse
511 1501 774 1562 acceperit.
845 1502 991 1549 Ratio
1027 1512 1101 1549 est
1126 1501 1256 1564 quia,
1294 1519 1356 1549 ex
1394 1504 1564 1564 regula
1598 1505 1688 1552 Ju-

254 1569 318 1615 ris
347 1569 621 1629 Delegatus
664 1584 760 1614 non
799 1568 862 1615 ad
901 1568 1281 1624 universitatem,
1319 1569 1405 1616 sed
1432 1570 1491 1616 ad
1528 1570 1692 1632 singu-

254 1638 405 1684 larem
449 1635 658 1698 aliquam
703 1651 900 1682 causam
935 1652 1032 1682 non
1073 1646 1235 1699 potest
1277 1637 1423 1685 alium
1461 1638 1688 1685 subdele-

255 1719 391 1768 gare.
1362 1727 1364 1729 v
1503 1723 1512 1728 ·

333 1772 530 1828 Quceres
566 1771 680 1821 230·
718 1785 779 1821 an
823 1767 1042 1819 Vicaiius
1080 1769 1292 1817 Parochi
1332 1769 1689 1819 matrimonium

252 1824 407 1903 pessit
432 1838 717 1885 celebr-ane?

322 1906 390 1953 R..
427 1905 719 1970 qffimnatz've‚
770 1901 858 1948 nisi
910 1902 1160 1951 Parochus
1220 1903 1502 1951 facultatem
1563 1904 1690 1952 hanc

257 1989 486 2037 expresse
511 1972 601 2019 sibi
626 1971 962 2018 reservaverit.
1035 1971 1181 2017 Ratio
1221 1982 1293 2018 est
1332 1972 1445 2034 quia
1487 1973 1693 2018 Parochi

254 2042 389 2088 vices
437 2039 581 2102 gerit,
654 2053 865 2100 eumque
914 2047 1233 2099 representat,
1311 2039 1416 2084 Imo
1472 2038 1695 2085 Vicarius

254 2118 421 2171 potest
470 2106 617 2154 alium
670 2104 988 2153 Sacerdotem
1039 2104 1286 2180 delegare,
1346 2105 1436 2152 nisi
1484 2105 1692 2152 facultas

252 2176 404 2238 ipsius
451 2174 496 2220 in
538 2174 629 2219 hac
667 2183 805 2236 parte
842 2172 1068 2218 restricta
1104 2172 1182 2227 sit,
1245 2171 1391 2233 idque
1434 2171 1691 2219 universali

255 2240 613 2290 consuetudine
660 2248 913 2300 receptum
952 2249 1040 2286 est.
1127 2238 1273 2285 Ratio
1323 2249 1396 2285 est
1433 2239 1545 2300 quia
1593 2240 1692 2286 De-

256 2312 454 2372 legatus
500 2317 573 2354 est
614 2305 882 2368 generalis:
922 2320 1067 2367 porro
1116 2306 1389 2366 Delegatus
1430 2306 1689 2366 generalis,

258 2394 319 2425 ex
354 2381 487 2438 jure,
540 2383 703 2436 potest
750 2372 897 2418 alium
944 2370 1284 2433 subdelegare.
1373 2371 1485 2417 Non
1528 2382 1690 2432 potest

258 2459 421 2491 tamen
466 2440 691 2502 Vicaiius
750 2438 896 2485 alium
960 2438 1277 2484 Sacerdotem
1321 2436 1568 2499 delegare
1629 2440 1709 2485 adr

257 2530 302 2557 1:-
289 2508 616 2557 matrimonium
655 2507 703 2553 in
728 2505 822 2553 alia
849 2504 1088 2551 Pan-achia
1114 2503 1488 2561 celebrandum,
1519 2505 1625 2551 nisi·
1642 2505 1694 2552 id

260 2592 495 2640 expresse
532 2572 806 2637 permiserit
836 2571 1102 2624 Parochus‚
1141 2572 1253 2632 quia
1280 2582 1508 2618 censetur
1546 2573 1692 2619 Vica-

257 2645 357 2691 rius
382 2644 509 2689 hanc
546 2650 838 2704 potestatem
866 2652 959 2702 pro
979 2638 1082 2686 sola
1105 2638 1345 2686 Parochia
1370 2639 1450 2685 cui
1476 2640 1690 2695 inservit,

259 2709 527 2773 accepisse.

330 2778 458 2835 Haec
477 2774 647 2824 eadem
675 2772 887 2823 dicenda
909 2780 1023 2821 sunt
1047 2771 1109 2819 de
1137 2746 1407 2819 Sacerdote
1433 2771 1513 2835 qui
1545 2772 1693 2820 Paro-

262 2847 343 2907 clii
367 2842 545 2899 mortui
584 2850 667 2888 aut
695 2839 918 2902 suspensi
954 2839 1084 2886 vices
1109 2839 1253 2901 gerit,
1285 2839 1463 2901 gallice
1489 2841 1691 2887 Βαθαν-

260 2919 398 2970 μυεῖ,-
425 2927 533 2967 oum
560 2908 743 2975 pariter
767 2905 1044 2971 Parochum
1069 2917 1403 2970 repraesentet.
1507 2971 1549 3029 Q
1635 2940 1639 2944 a
1701 2933 1712 2943 ι

1552 2985 1700 3020 meres
