1846 3250
519 153 617 202 DE
656 149 1157 202 MATRIMONIO.
1479 149 1509 193 3
1522 148 1581 201 lss'Z

216 291 407 345 Qaaeres
431 290 514 336 3⁰·
549 286 799 350 quomodo
836 284 1194 335 matrimonium
1236 299 1299 331 ex
1335 280 1501 345 iniquo
1529 292 1581 329 et

148 357 284 418 gravi
307 365 441 403 metu
464 355 513 401 in
538 355 666 403 facie
685 354 926 402 Ecclesiae
952 363 1277 409 contractum,
1299 351 1451 417 possit
1475 348 1581 397 fieri

149 423 380 471 firmum?
1215 427 1229 433 ”
1272 437 1296 450 ‘⁴

215 492 278 538 R.
318 490 392 537 Ex
417 489 645 538 Clement
670 488 766 536 ΙΙΙ.
803 503 911 551 cap.
951 488 1031 535 Ad
1053 488 1118 544 id,
1145 485 1207 534 de
1235 485 1457 549 Sponsal.
1481 500 1581 532 non

148 556 326 619 requiri
353 565 406 605 ut
430 566 593 621 partes
618 571 782 604 coram
810 555 1034 602 Parocho
1060 564 1110 601 et
1146 555 1351 601 testibus
1387 567 1581 608 rursum

148 625 458 673 contrahant‘
495 640 590 672 nec
632 623 779 671 etiam
811 622 994 686 requiri
1022 632 1072 669 ut
1112 637 1223 685 pars
1249 638 1356 682 quae
1393 620 1581 666 nullum

147 701 334 739 metum
382 699 589 755 experta
629 701 721 747 est,
776 706 956 738 novum
1006 704 1298 737 consensum
1346 689 1580 751 praebeat,

89 792 95 795 2
148 758 295 806 modo
320 775 610 807 consensum
648 757 780 821 prius
822 756 987 804 datum
1014 772 1111 803 non
1137 754 1454 810 revocaverit,
1491 752 1582 801 sed

146 826 370 875 sufficere
396 838 449 873 ut
485 841 596 889 pars
631 842 738 887 quae
762 834 943 872 metum
971 839 1112 887 passa
1128 832 1220 881 est,
1255 832 1427 885 postea
1464 836 1584 868 con-

148 893 343 942 sentiat.
415 895 692 943 Consensus
717 902 880 940 autem
906 891 1147 938 sufficiens
1173 899 1401 937 censetur
1438 889 1582 935 datus

147 970 232 1008 aut
258 976 345 1024 per
369 976 510 1008 usum
545 959 840 1009 matrimonii
880 967 1055 1022 sponte
1094 966 1147 1006 et
1183 955 1344 1005 animo
1370 953 1596 1003 martiali*

145 1042 454 1085 concessum,
513 1038 600 1075 aut
656 1044 745 1090 per
792 1027 1206 1074 cohabitationem
1255 1032 1579 1088 spontaneam

149 1094 294 1142 etiam
327 1094 432 1142 sine
475 1109 566 1141 usu
604 1091 938 1142 matrimonii.⁴
985 1095 1055 1141 At
1093 1092 1265 1140 sedulo
1308 1090 1583 1138 notandum

147 1170 223 1209 est
246 1161 380 1208 illum
408 1160 489 1226 qui
515 1177 603 1225 per
649 1175 834 1210 metum
871 1176 1069 1225 gravem
1112 1160 1290 1222 injuste
1325 1159 1580 1205 incussum

151 1228 414 1286 contraxit,
451 1229 729 1276 nullatenus
765 1245 909 1292 posse
934 1228 1244 1277 matrimonio
1276 1227 1363 1284 uti,
1403 1226 1581 1281 donec,

150 1305 375 1344 cessante
400 1305 550 1352 metu,
587 1295 741 1344 libere
768 1296 1099 1351 consenserit;
1133 1293 1348 1357 alioquin
1374 1292 1586 1340 fornica-

152 1363 334 1411 tionem
380 1362 709 1411 committeret
748 1379 856 1426 quae
898 1379 1145 1428 nunquam
1185 1362 1321 1410 licita
1356 1376 1463 1410 esse
1497 1376 1585 1424 po-

146 1440 264 1478 test.
338 1431 547 1494 Propter
567 1430 788 1479 eamdem
808 1430 1063 1486 rationem,
1083 1430 1123 1478 si
1143 1446 1267 1478 unus
1293 1427 1587 1477 contrahen-

150 1498 271 1545 tium
312 1507 496 1546 metum
535 1514 734 1561 gravem
772 1498 950 1560 injuste
978 1497 1211 1555 incussit,
1246 1497 1323 1545 vel
1366 1495 1429 1544 sit
1464 1511 1584 1542 con-

152 1565 284 1613 scius
309 1575 468 1614 metus
493 1565 690 1622 incussi,
727 1566 1170 1629 debetexpectare
1212 1563 1373 1611 donec
1395 1572 1584 1609 metum

149 1648 319 1695 passus
345 1633 407 1680 de
432 1649 558 1680 novo
581 1632 898 1690 consenserit,
934 1643 1154 1696 tuncque
1195 1632 1300 1696 ipse
1335 1629 1584 1680 tenebitur

149 1700 426 1749 ratihabere
447 1699 576 1748 illius
600 1715 910 1748 consensum.

515 1834 598 1884 De
632 1835 955 1899 impedimento
994 1834 1203 1882 Ordinis.

222 1969 425 2016 Certum
468 1976 543 2016 est
583 1971 659 2014 1⁰·
686 1967 898 2015 Ordines
940 1982 1121 2024 sacros,
1159 1965 1584 2023 subdiaconatum,

152 2034 483 2092 diaconatum,
519 2035 942 2098 praesbyter-atum,
979 2034 1188 2082 reddere
1224 2033 1586 2083 matrimonium

158 2102 460 2164 subsequens
499 2117 695 2164 prorsus
735 2102 1031 2159 invalidum3
1066 2103 1121 2150 ,Si
1156 2102 1258 2165 quis
1295 2102 1484 2157 dixerit,
1510 2101 1584 2146 in-

155 2168 313 2231 inquit
357 2169 545 2218 Concil.
572 2169 791 2217 Trident.
830 2169 1032 2218 Clericos
1055 2169 1104 2217 in
1140 2170 1288 2217 sacris
1325 2167 1585 2217 Ordinibus

148 2236 678 2300 constitutosm...posse
724 2236 1075 2286 matrimonium
1123 2234 1417 2290 contrahere,
1475 2252 1584 2284 con·

149 2310 438 2367 tractumque
461 2302 663 2351 validum
689 2320 801 2359 esse,
844 2321 936 2352 non
963 2303 1175 2353 obstante
1197 2304 1326 2369 Lege
1348 2301 1584 2351 ecclesias-

149 2370 614 2418 tica......anathema
654 2371 732 2419 sit.
807 2372 960 2419 Porro
987 2370 1214 2419 Ecclesia
1237 2371 1432 2433 nuptias
1470 2369 1584 2416 Cle-

148 2435 262 2484 ricis
286 2435 556 2494 interdixit,
592 2454 655 2485 ne
679 2453 843 2485 rerum
878 2439 1218 2501 temporalium
1253 2436 1584 2485 sollicitudine

153 2502 373 2550 distracti
396 2512 447 2551 et
482 2503 735 2553 desideriis
759 2505 1035 2553 carnalibus
1058 2503 1250 2562 irretiti,
1288 2520 1317 2552 a
1341 2503 1440 2552 Dei
1477 2502 1584 2550 cul-

153 2579 228 2642 tu·
254 2568 629 2634 ministeriisque
677 2571 1027 2621 ecclesiasticis
1074 2580 1430 2620 avocarentur:
1490 2571 1584 2627 Qui

150 2650 287 2691 emm,
325 2635 394 2684 ait
417 2638 648 2702 apostolus
687 2639 788 2688 sine
826 2657 969 2688 uxore
1003 2648 1089 2698 est,
1126 2638 1349 2688 sollicitus
1382 2646 1451 2687 est
1475 2653 1584 2703 quae

157 2702 356 2750 Domini
385 2712 511 2759 sunt,
535 2707 758 2769 quomodo
789 2706 982 2770 placeat
1010 2709 1115 2756 Deo
1136 2726 1154 2756 .·
1191 2708 1273 2772 qui
1293 2715 1444 2754 autem
1481 2721 1583 2753 cum

155 2784 302 2817 umore
325 2776 408 2826 est,
431 2770 652 2821 sollicitus
674 2782 743 2822 est
765 2790 869 2840 quoe
899 2782 1008 2822 sunt
1030 2775 1204 2832 mundi,
1232 2774 1457 2836 quomodo
1473 2771 1587 2833 pla-

150 2843 252 2884 ceat
278 2836 425 2894 uxori,
454 2845 500 2885 et
532 2839 712 2888 divisus
733 2850 818 2898 est,
861 2846 905 2889 1.
934 2842 1046 2890 Cor.
1087 2843 1136 2893 7.

222 2903 635 2957 Certumesteo·
689 2907 901 2958 Ordines
944 2924 1108 2958 sacros
1150 2906 1378 2974 dirimere
1418 2900 1585 2950 matri·

1365 2984 1587 3020 monium
