1846 3250
648 141 744 190 DE
783 139 1075 190 ORDINE.
1486 140 1575 186 131

243 278 361 325 Inst.
385 281 464 326 50,
501 277 729 325 Stilianus
764 278 1085 325 Neocesarcae
1112 274 1430 337 Metropolita
1469 287 1580 327 cum

178 346 287 395 aliis
322 346 647 396 Orientalibus
687 346 734 392 in
776 344 996 409 Epistola
1041 344 1101 391 ad
1153 342 1452 406 Stephanum
1492 340 1583 388 VI.
1634 383 1640 386 .

177 425 300 476 part.
328 419 372 462 3.
399 413 605 462 Concilii
631 429 737 479 cap.
765 417 812 461 6.
836 412 1037 459 affirmat
1078 428 1131 460 se
1163 411 1346 459 nullum
1383 409 1431 457 in
1458 408 1584 456 Pho-

175 482 242 528 tio
267 481 517 547 agnovisse
541 481 797 530 sacerdotii
822 480 1094 542 vestigium.
1576 501 1579 505 ⁴

243 550 308 597 R.
336 550 538 597 eandem
576 567 766 612 semper
797 548 1084 596 reviviscere
1117 546 1497 610 responsionem,
1536 521 1585 592 et

173 617 267 664 hoc
298 635 443 665 unum
481 635 508 665 a
537 619 753 682 Styliano
791 616 1067 680 significari,
1106 616 1154 661 in
1200 615 1372 663 Photio
1397 614 1584 661 nullum

172 685 320 734 fuisse
347 686 600 749 vestigium
644 684 901 734 sacerdotii
926 684 1112 732 ratione
1144 683 1265 745 juris
1292 681 1586 730 ecclesiasti-

175 753 218 800 ci
259 766 307 802 et
343 755 588 804 canonicae
630 754 907 817 disciplinae,
945 754 1069 801 bene
1095 768 1209 801 vero
1244 751 1430 798 ratione
1460 748 1586 813 juris
1618 776 1621 782 ·

173 821 336 870 divini.

243 890 365 937 [πεί.
384 892 459 938 6⁰.
500 890 700 938 Photius
724 900 821 938 act.
845 893 892 936 4.
929 886 1136 937 Concilii
1168 891 1214 935 8.
1254 903 1433 949 semper
1462 886 1585 932 mter

175 955 351 1005 Laieos
373 975 405 1004 α
433 957 555 1005 Sede
580 960 799 1006 Romana
823 964 1119 1019 computatus
1139 954 1288 1003 fuisse
1304 955 1498 1002 dicitur.

242 1027 609 1075 R.d2·sc.1nter
633 1026 810 1074 Laicos
835 1034 1143 1089 computatus
1168 1031 1259 1080 est,
1298 1021 1459 1087 quoad
1475 1026 1587 1082 jura

176 1103 226 1141 et
263 1092 421 1140 forum
460 1104 727 1151 externum,
764 1111 889 1140 conc.
915 1092 1073 1155 quoad
1118 1091 1276 1140 forum
1323 1091 1583 1146 internum,

174 1178 236 1209 eo
260 1178 406 1210 sensu
429 1162 593 1226 quod
582 1179 628 1209 m
653 1162 736 1209 illo
761 1162 1013 1210 character
1037 1160 1197 1208 nullus
1220 1168 1588 1223 agnosceretur,

176 1246 281 1290 neq.
306 1230 556 1294 Numquid
581 1231 708 1278 enim
734 1230 815 1278 ille
841 1229 1056 1277 creditur
1079 1229 1213 1276 nullo
1235 1227 1445 1287 Ordines
1471 1225 1586 1275 cha-

178 1308 369 1345 ractere
416 1297 687 1361 insignitus,
723 1297 803 1346 cui
849 1308 961 1361 post
1000 1295 1181 1361 Ignatii
1228 1304 1434 1351 mortem
1481 1293 1587 1340 sine

178 1381 306 1413 nova
347 1364 667 1414 Ordinatione
702 1365 1010 1413 commissum
1057 1375 1132 1414 est
1179 1361 1417 1411 Ecclesiae
1460 1363 1588 1411 Cori-

175 1433 615 1497 stantinopolitanae
640 1433 894 1497 regimen?
1393 1466 1397 1469 »

245 1501 365 1548 Inst.
394 1505 475 1553 70.
500 1502 675 1565 Legati
705 1503 755 1549 S.
780 1499 1076 1549 Pontificis
1063 1516 1113 1546 1n
1149 1497 1433 1562 Bulgarium
1460 1496 1590 1545 missi

186 1568 605 1634 Confirmatwnem
628 1587 660 1616 a
684 1569 860 1618 Photio
883 1571 1044 1617 datam
1066 1567 1383 1630 reprobarunt
1414 1583 1472 1612 ac
1506 1562 1588 1612 ite-

166 1647 367 1694 rarunt,
403 1648 456 1685 ut
491 1648 682 1686 constat
722 1654 786 1686 ex
811 1636 1139 1701 Metrophane
1176 1635 1225 1681 in
1265 1634 1486 1698 Epistola
1525 1634 1589 1681 ad

177 1705 462 1754 Manuelem
523 1705 786 1754 Patricium
845 1714 968 1769 part.
1016 1707 1063 1752 3.
1115 1703 1332 1765 eiusdem
1381 1701 1591 1751 Concilii

180 1790 225 1822 c.
255 1776 300 1821 2.
336 1784 386 1822 et
410 1791 472 1822 ex
498 1773 599 1839 ipsa
626 1774 786 1822 Photii
812 1773 1033 1838 Epistola
1057 1788 1165 1835 quae
1190 1787 1284 1818 non
1309 1770 1378 1819 ita
1400 1770 1590 1835 pridem

175 1841 224 1888 in
261 1842 421 1889 lucem
469 1841 662 1906 prodiit.
733 1842 866 1905 Ergo
913 1858 1023 1890 eum
1053 1850 1107 1888 ut
1146 1839 1444 1903 Episcopum
1490 1847 1588 1885 non

177 1921 496 1973 agnoverunt.

250 1977 316 2023 R.
340 1993 368 2024 a
391 1976 591 2041 Legatis
615 1977 664 2025 S.
689 1976 935 2025 Pontificis
958 1976 1266 2039 reprobatum
1291 1973 1439 2022 fuisse
1460 1975 1588 2023 Con-

179 2043 451 2092 firmatione
494 2055 676 2094 tantum
720 2062 828 2108 quae
865 2046 979 2092 data
1011 2043 1170 2092 fuerat
1209 2059 1238 2091 a
1272 2042 1589 2107 Praesbyteris

181 2111 445 2169 Photianis,
482 2113 563 2175 qui
588 2113 901 2164 confirmandi
932 2117 1013 2175 jus
1048 2129 1145 2161 non
1178 2111 1439 2168 habebant,
1474 2127 1586 2174 pre-

175 2180 341 2227 sertim
369 2180 416 2227 in
444 2181 669 2244 Bulgaria
693 2199 798 2243 quae
820 2180 1093 2246 pertinebat
1117 2180 1178 2228 ad
1199 2179 1585 2229 Patriarchatum

178 2247 469 2306 Romanum,
506 2249 586 2297 ubi
633 2249 836 2313 proinde
884 2248 1174 2314 Praesbyteri
1220 2265 1316 2295 non
1357 2257 1584 2310 poterant

179 2315 323 2364 etiam
367 2317 749 2367 extraordinarie
775 2318 1200 2366 Confirmationem
1238 2315 1459 2364 conferre
1498 2315 1583 2381 ab·

177 2399 298 2447 sque
337 2385 533 2433 licentia
572 2387 620 2434 S.
648 2385 912 2434 Pontificis.
983 2386 1080 2433 Sed
1103 2387 1163 2433 ab
1188 2385 1244 2432 iis
1269 2383 1469 2447 Legatis
1494 2382 1582 2429 mi-

177 2452 306 2500 nime
331 2455 586 2516 reprobata
608 2464 692 2502 aut
714 2453 887 2502 iterata
919 2453 1097 2517 legitur
1124 2451 1437 2502 Confirmatio
1467 2450 1583 2499 data

178 2518 239 2576 ab
265 2519 519 2598 Episcopis
558 2538 681 2586 quos
721 2521 1024 2569 ordinaverat
1065 2521 1282 2569 Photius.
1351 2520 1475 2567 Haec
1508 2528 1579 2567 ta·

180 2601 290 2633 men
327 2587 489 2636 iterari
528 2590 789 2646 debuisset,
825 2589 913 2637 nisi
947 2588 1208 2639 existimati
1251 2598 1411 2635 essent
1452 2587 1579 2652 epis-

180 2653 340 2729 copali
385 2656 665 2706 charactere
710 2657 940 2722 insigniti.
1012 2656 1282 2721 Responsio
1329 2666 1464 2719 patet
1512 2671 1576 2703 ex

178 2721 327 2797 ipsius
369 2723 527 2772 Photii
550 2725 707 2774 verbis
742 2726 792 2772 in
816 2726 1034 2791 Epistola
1071 2742 1212 2788 quam
1253 2724 1402 2773 refert
1428 2725 1578 2771 Baro-

177 2788 286 2836 nius
309 2789 373 2837 ad
392 2806 469 2838 an.
495 2795 605 2847 863.
777 2810 781 2813 ·

247 2856 370 2904 Inst.
406 2859 479 2905 80·
522 2861 700 2909 Saltem
749 2861 950 2911 Photius
997 2853 1173 2926 Ignatii
1232 2858 1575 2908 Ordinationes

173 2925 381 2974 iteravit.
449 2926 596 2989 Ergo,
631 2932 719 2977 ὅτε.

174 3033 182 3040 ,.
208 3036 211 3040 ,
246 2991 310 3047 R.
347 2972 448 3055 neq.
473 3011 650 3058 conseq.
691 2996 828 3044 Parvi
854 2995 977 3045 enim
1005 3012 1149 3044 causa
1174 2994 1572 3044 Ortbodoxorum

1424 3061 1573 3110 refert
