1846 3250
589 116 689 166 DE
728 111 1227 189 MATRIMoNJo.
1538 110 1638 161 237

440 319 521 369 De
546 316 690 367 variis
717 313 1014 379 Sponsalium
1037 312 1416 365 circumstantiis.

293 490 485 547 Quaeres
522 489 584 533 1⁰·
642 500 703 532 an
742 493 970 546 parentes
1018 499 1107 547 pro
1154 479 1647 546 filiislimpuberibus

223 555 467 622 sponsalia
515 552 805 601 contrahere
852 550 1077 615 possint?
1114 551 1253 599 Idem
1303 550 1534 613 quaeritur
1583 547 1647 595 de

219 640 411 679 socero,
448 621 617 674 fratre,
655 629 833 667 tutore.

294 693 357 740 R.
388 692 465 737 10.
509 696 738 753 parentes
774 701 917 749 posse
953 684 1196 748 sponsalia
1235 678 1527 732 contrahere
1558 696 1650 747 pro

222 755 559 824 impuberibus
616 753 872 819 septennio
919 752 1199 814 maioribus,
1261 766 1441 813 eosque
1488 750 1651 813 impu-

222 828 383 880 beres,
420 824 462 872 si
484 839 696 888 expresse
717 820 1055 876 consenserint,
1099 818 1172 868 vel
1192 818 1349 875 tacite,
1387 826 1437 865 ut
1462 819 1505 866 .ςὶ
1525 831 1652 882 prce-

230 902 379 956 sentes
412 891 625 955 suerint,
686 905 767 946 nec
807 886 1194 943 contradixerint,
1250 885 1309 933 iis
1362 884 1652 948 sponsalibus

230 957 447 1023 obligari,
496 956 652 1019 inquit
692 955 975 1003 Bonifacius
1000 953 1147 1001 VIII.
1178 967 1288 1016 cap.
1352 952 1405 1000 Si
1428 953 1652 1015 infante&

227 1023 284 1079 de
307 1026 542 1089 Despons.
581 1022 753 1088 impub.
793 1023 841 1070 in
867 1025 915 1070 6.
986 1020 1117 1068 Illud
1157 1035 1273 1068 vero
1307 1017 1545 1076 debitum,
1581 1018 1656 1064 in-

229 1093 333 1158 quit
362 1093 554 1147 Glossa,
582 1100 655 1138 est
680 1089 947 1137 honestatis
972 1097 1179 1146 tantum,
1204 1103 1302 1134 non
1328 1085 1655 1144 necessitatis,

231 1173 280 1210 et
330 1160 442 1207 ideo
483 1158 569 1205 filii
609 1157 705 1214 isti,
744 1172 855 1204 cum
899 1155 1209 1220 pervenerint
1235 1154 1297 1202 ad
1322 1155 1653 1216 pubertatem,

232 1237 436 1292 possunt
460 1226 520 1273 ab
546 1224 602 1272 iis
627 1224 930 1288 sponsalibus
955 1222 1101 1270 etiam
1122 1221 1297 1284 juratis
1322 1220 1525 1275 resilire,
1562 1220 1654 1266 nisi

235 1307 400 1356 tamen
449 1302 593 1340 antea
641 1291 921 1352 conjunctio
975 1291 1181 1352 carnalis
1228 1288 1561 1343 intervenerit,
1599 1304 1658 1336 ex

233 1379 333 1426 cap.
358 1361 414 1408 de
438 1359 548 1416 illis,
574 1358 648 1407 tit.
667 1358 724 1405 de
750 1360 982 1422 DesponS.
1006 1357 1305 1421 impuberum.
1374 1355 1465 1402 Illa
1490 1365 1655 1401 tamen

233 1426 481 1477 resiliendi
520 1426 730 1474 facultas
765 1441 863 1471 non
898 1423 1102 1488 impedit
1139 1422 1395 1486 quominus
1433 1432 1660 1469 contrac-

237 1506 340 1544 tum
369 1493 516 1541 fuerit
539 1493 749 1557 publicae
774 1491 1041 1539 honestatis
1066 1490 1486 1554 impedimentum.

306 1561 427 1609 Dixi
485 1572 664 1616 autem,
724 1559 861 1606 etiam
903 1557 1105 1618 juratis,
1161 1556 1274 1619 quia
1322 1560 1658 1616 juramentum

237 1628 541 1694 sponsalibus
566 1625 841 1690 oppositum
870 1640 1036 1672 eorum
1063 1623 1393 1671 conditionem
1419 1622 1656 1686 sequitur,

237 1713 330 1744 nec
356 1695 671 1759 praejudicare
696 1700 858 1756 potest
890 1692 1017 1754 Legi
1042 1690 1089 1738 in
1115 1707 1168 1739 se
1195 1689 1298 1737 utili
1324 1706 1422 1753 qua
1454 1701 1659 1754 possunt

236 1764 514 1828 impuberes
539 1759 781 1824 sponsalia
815 1759 1015 1806 resilire.

285 1831 370 1877 iR.
398 1829 473 1876 2⁰·
528 1832 776 1882 Quantum
827 1826 888 1873 ad
936 1825 1215 1887 impuberes
1262 1822 1521 1885 septennio
1568 1824 1658 1870 mi·

236 1914 396 1955 nores,
433 1895 470 1942 si
521 1903 746 1958 parentes
787 1909 876 1956 pro
918 1892 974 1937 iis
1024 1890 1275 1954 sponsalia·
1305 1891 1661 1946 contraxerint,

239 1965 374 2011 nulla
409 1979 471 2010 ex
499 1961 554 2008 iis
579 1959 883 2024 sponsalibus
916 1958 1131 2005 nascitur
1167 1957 1419 2021 obligatio,
1456 1973 1549 2005 nec
1574 1957 1661 2005 filii

241 2028 549 2093 septennium
592 2027 756 2089 adepti
804 2036 1033 2074 tenentur
1074 2041 1150 2073 ea,
1178 2041 1266 2088 pro
1303 2025 1416 2071 ratis
1461 2025 1659 2083 habere,

245 2098 360 2161 quia
403 2096 536 2143 nulla
560 2104 672 2143 sunt
697 2110 759 2141 ex
786 2094 907 2142 Jure
932 2092 1173 2156 sponsalia
1199 2102 1311 2139 ante
1347 2091 1659 2155 septennium

244 2173 514 2212 contracta.
585 2161 634 2209 Si
670 2176 790 2226 vero·
827 2169 938 2224 post
978 2159 1285 2223 septennium
1320 2160 1553 2222 adeptum
1581 2175 1662 2207 ea-

244 2231 355 2280 dem
381 2241 486 2277 rata
509 2229 737 2284 habeant,
774 2221 831 2275 iis
857 2227 1151 2291 obligantur,
1188 2242 1281 2274 nec
1322 2237 1554 2288 poterunt
1587 2243 1663 2275 re-

242 2298 372 2346 silire
405 2306 517 2344 ante
548 2297 878 2362 pubertatem,
914 2296 1040 2343 bene
1065 2310 1180 2342 vero
1205 2303 1315 2357 post
1340 2294 1488 2351 illam,
1516 2294 1663 2342 modo

243 2365 405 2414 statim
454 2363 809 2411 contradicant.
900 2362 1026 2408 Haec
1075 2361 1235 2425 omnia
1283 2362 1666 2423 comprobantur
1712 2371 1717 2376 '

246 2449 304 2482 εκ
327 2449 426 2496 cap.
459 2431 592 2479 unico
627 2431 683 2479 de
706 2428 1107 2497 Desponsjmpub.
1128 2437 1171 2476 ct
1196 2446 1250 2476 ex
1272 2446 1374 2493 cap.
1412 2432 1441 2475 8
1466 2429 1567 2477 eod.
1595 2429 1668 2478 tit.

245 2508 392 2548 extra.

292 2563 459 2627 vDixi,
512 2565 645 2614 modo
686 2562 842 2611 statim
889 2563 1225 2618 contradicant,
1286 2578 1372 2609 seu
1420 2561 1569 2620 illico,
1612 2575 1669 2612 ut

248 2632 516 2693 loquuntur
562 2630 853 2680 Canonistae.
940 2629 1077 2678 Illic-o
1125 2639 1288 2677 autem
1339 2631 1451 2690 fieri
1496 2631 1670 2680 dicitur

252 2700 375 2763 quod
418 2699 544 2746 intra
579 2698 783 2746 triduum
804 2700 892 2760 fit,
929 2713 992 2744 ex
1042 2696 1183 2759 Lege
1230 2696 1377 2753 finali,
1434 2696 1559 2747 Co'd.
1612 2699 1670 2746 de
1752 2695 1754 2697 ’

250 2765 470 2814 Judz’ciis.
542 2764 700 2829 Igitur
734 2764 838 2813 sine
881 2779 1014 2811 mora
1056 2763 1418 2812 reclamandum
1469 2775 1543 2812 est
1590 2765 1669 2812 vel

254 2832 424 2880 saltem
467 2831 761 2881 reclamandi
794 2831 1001 2881 intentio
1037 2831 1406 2890 manifestanda,
1453 2830 1671 2894 alioquin

1016 2912 1025 2917 ·
1565 2908 1670 2946 rata
