1846 3250
166 223 287 271 2915*
600 224 619 233 ”
709 218 1140 270 TRACTATUS
1214 226 1225 233 ’

185 356 440 420 Principes
478 353 804 411 christianos,
867 367 931 403 ex
988 372 1086 420 quo
1145 356 1503 405 matrimonium
1551 359 1614 406 ad

189 423 494 475 Sacramenti
529 423 836 486 d-iginitatem
879 435 1104 472 evectum
1149 435 1238 480 est,
1277 441 1365 474 sua
1407 426 1454 473 in
1498 442 1616 474 con·

189 503 402 542 tractum
474 492 780 553 conjugalem
855 502 1100 555 potestate
1159 493 1309 541 fuisse
1368 494 1581 558 privatos
1599 513 1620 542 :-

190 577 288 625 quo
330 558 448 607 nihil
483 559 865 607 ‘absurdiusdici
903 570 1082 623 potest,
1122 576 1234 607 cum
1261 560 1537 625 Baptismus
1563 573 1614 610 et

191 628 336 678 Fides
363 626 643 691 Principum
670 641 781 674 suos
805 627 854 674 in
890 628 1111 675 subditos
1149 629 1489 676 auctoritatem
1516 646 1621 676 non.

187 696 502 753 imminuantff
532 699 627 743 'nec
667 695 793 743 nilus
836 705 899 743 ex
931 695 1193 757 Scriptura
1227 697 1302 743 vei
1331 693 1615 745 Traditione

189 775 357 814 textus
400 762 556 811 afferri
591 763 748 829 possit
785 780 881 827 quo
924 764 1158 826 probetur
1185 763 1438 828 Principes
1462 779 1620 812 saecu-

187 834 314 881 lares
339 840 426 880 sua
450 832 499 879 in
523 830 880 881 matrimonium
916 839 1165 895 potestate
1189 830 1338 881 fuisse
1363 846 1392 880 a
1417 828 1615 880 Christo

189 899 439 992 spoliatos

615 1062 870 1114 Solvuntur
898 1055 1207 1127 Objectione&
1240 1133 1242 1136 .

213 1226 883 1305 obj.10·Mat1im0nium
922 1248 998 1287 est
1043 1239 1443 1288 Sacramentum.
1481 1238 1615 1304 atqui

194 1307 452 1371 Principes
476 1305 594 1353 nihil
613 1305 813 1353 valent
802 1322 849 1352 m
879 1306 1281 1363 Sacramentum3
1316 1323 1452 1371 ergO,
1472 1312 1563 1355 &c.

261 1375 329 1423 R.
353 1375 463 1423 dist.
516 1372 889 1421 Matrimonium
938 1384 1013 1422 est
1061 1375 1427 1423 Sacramentum
1477 1375 1619 1423 simul

125 1455 127 1457 ·
195 1453 244 1492 et
292 1450 575 1491 contractus
617 1441 950 1499 civilis‚.conc.
995 1443 1364 1491 Sacramentum
1412 1453 1619 1502 tantum,

194 1525 299 1576 neg.
337 1508 708 1558 Matrimonium
738 1509 952 1573 quidem,
990 1514 1229 1574 quatenus
1279 1520 1354 1560 est
1397 1520 1624 1559 contrac-

194 1588 273 1626 tus
305 1577 560 1640 religiosus
600 1587 650 1624 et
694 1587 934 1640 quatenus
962 1580 1348 1637 Sec-lamentum,
1385 1595 1481 1626 non
1507 1578 1619 1626 suba

185 1650 321 1709 jacet
346 1644 624 1692 auctoritati
653 1644 950 1709 P1incipum,
976 1662 1119 1693 secus
1145 1661 1259 1693 velo
1279 1656 1520 1710 quatenus
1544 1655 1619 1694 est

193 1719 472 1762 contractus
497 1711 665 1760 civilis.

264 1781 388 1828 Inst.
426 1780 505 1827 10·
545 1779 594 1827 Si
635 1789 833 1844 possent
879 1781 1045 1844 Reges
1087 1790 1393 1829 contractum
1428 1780 1620 1829 civilem

193 1848 385 1896 irritum
431 1846 615 1904 facere,
651 1847 837 1894 irritum
863 1846 1086 1895 facerent
1127 1849 1284 1912 ipsum
1333 1849 1621 1905 Sacramen-

194 1923 316 1973 tum,
356 1915 470 1979 quia
509 1924 789 1964 contractus
837 1915 990 1962 civilis
1039 1925 1111 1963 est
1151 1915 1520 1964 fundamentum
1570 1927 1620 1963 et

195 1984 402 2032 materia
440 1983 774 2031 Sacramenti:
811 1982 945 2046 atqui
988 1991 1150 2030 tamen
1179 1984 1343 2046 Reges
1372 1999 1467 2030 non
1510 1998 1621 2046 pos-

198 2061 312 2099 sunt
352 2051 537 2098 irritum
574 2050 739 2098 facere
780 2050 1166 2108 Sacramentum,
1203 2051 1415 2115 alioquin
1459 2062 1623 2114 potes-

206 2125 357 2167 t‘atem
384 2118 431 2164 in
458 2134 534 2165 res
559 2117 834 2180 spirituales
861 2119 1030 2165 saitem
1057 2119 1344 2167 indirectam
1369 2119 1622 2172 haberent.

273 2188 333 2233 R.
360 2204 406 2233 n.
441 2189 549 2250 γηρᾷ.
587 2185 712 2232 Nam
753 2185 799 2230 in
839 2185 1115 2248 hypothesi,
1152 2187 1199 2232 in
1250 2202 1345 2248 qua
1386 2187 1619 2248 Princeps

200 2252 399 2316 aliquod
423 2252 826 2316 impedimentum
855 2253 1135 2308 constituat,
1161 2254 1236 2300 vel
1257 2254 1479 2300 Ecclesia
1505 2268 1623 2299 con·

199 2320 479 2369 sentietvel
505 2320 773 2367 dissentiet.
851 2319 899 2366 Si
921 2321 1210 2376 consentiat,
1251 2319 1618 2366 Sacramentum

199 2388 411 2451 quidemr
442 2388 535 2435 erit
577 2387 786 2442 irritum,
824 2387 912 2434 sed
956 2388 1247 2434 auctoritate
1288 2385 1621 2434 ecclesiastica

200 2467 391 2504 tantum
418 2472 513 2502 non
550 2455 694 2502 civili.
736 2462 744 2470 ·’
768 2454 865 2502 Sed
904 2453 1154 2501 dissentiat
1183 2454 1427 2511 Ecclesia,
1460 2454 1622 2500 irritus

200 2524 398 2586 quidem
422 2524 514 2572 erit
539 2531 820 2571 contractus
847 2521 999 2569 civilis
1024 2537 1119 2569 non
1146 2531 1322 2569 autem‘
1339 2523 1622 2568 Sacramen-

198 2602 333 2646 tum;
370 2607 467 2637 non
516 2591 642 2638 enim
682 2599 964 2637 contractus
998 2590 1171 2646 civilis,
1208 2590 1295 2636 sed
1339 2599 1621 2637 contractus

195 2655 469 2721 religiosus,
506 2672 594 2704 seu
631 2667 914 2705 contractus
949 2657 1180 2705 naturalis
1218 2656 1434 2719 Legibus
1458 2656 1622 2704 eccle-

197 2725 403 2774 siasticis
428 2725 695 2779 ordinatus,
743 2725 1008 2788 perfectus,
1056 2740 1194 2772 sacer
1217 2724 1393 2782 factus,
1421 2725 1513 2787 ‘qui
1538 2739 1623 2787 po·

200 2803 299 2842 test
322 2809 388 2841 ex
411 2793 556 2841 dictis
579 2792 682 2840 sine
709 2802 963 2840 contractu
992 2791 1120 2839 civili
1143 2791 1422 2846 subsistere,
1453 2793 1622 2840 Sacra-

203 2862 353 2909 menti
381 2859 686 2909 Matrimonii
713 2859 914 2907 materia
938 2874 1001 2906 ac
1021 2860 1393 2909 fundamentum
1408 2869 1513 2908 est..

270 2921 570 2994 Respondent
603 2928 743 2975 aliter
782 2926 1007 2984 nonnulli,
1045 2927 1267 2974 nimirum
1316 2943 1378 2974 ex
1430 2942 1488 2974 eo
1524 2940 1619 2971 non

202 2997 436 3061 consequi
474 2995 722 3060 Principes
773 3004 1065 3059 potestatem
1126 2997 1174 3043 in
1229 3008 1305 3043 res
1329 2991 1618 3106 εριέτὶωώῳ

1326 3061 1614 3108 intnectam
