1846 3250
262 161 360 209 254
540 193 547 196 -
771 157 1202 210 TRACTATUS

259 293 409 358 idque
434 291 719 357 praesertim,
754 290 793 339 si
829 307 941 354 pars
982 293 1138 342 altera
1173 294 1401 344 damnum
1443 313 1590 363 grave
1615 316 1679 348 ex

258 378 318 410 eo
356 361 556 408 defectu
583 374 782 422 passura
822 358 900 416 sit,
938 368 993 407 ut.
1014 361 1054 407 si
1078 377 1255 423 sponsa
1290 374 1418 411 esset
1460 366 1677 429 gravida,

257 439 306 477 et
325 427 520 475 futurus
553 426 751 474 maritus
776 436 1038 489 cogeretur
1061 428 1267 476 alienam
1295 432 1480 493 prolem
1523 434 1678 490 alere;

257 495 333 542 vel
358 494 397 541 si
435 493 697 558 praevideat
722 493 854 540 hunc
880 493 1146 551 defectum,
1185 513 1295 543 cum
1325 498 1550 547 detectus
1574 500 1680 548 fue-

213 612 219 615 ,
257 561 335 618 rit,
374 560 627 625 aegerrime
653 576 760 608 esse
783 561 844 608 ab
869 560 961 608 alia
988 570 1127 624 parte
1150 562 1424 623 ferendum,
1462 582 1673 631 eumque

257 628 519 677 multorum
537 628 812 693 jurgiorum
835 627 1049 676 futuram
1075 643 1182 676 esse
1207 645 1419 680 causam.

426 789 619 838 CAUSA
657 789 704 839 7.
740 786 1126 851 [mpedimentum
1161 791 1496 852 superveniens.

322 936 670 986 Dissolvuntur
716 936 958 999 sponsalia
1005 953 1094 1001 pei
1139 938 1488 1002 superveniens
1542 922 1674 989 {Iulis

252 1000 653 1068 impedirnentum
697 1002 942 1061 dirimens,
981 1022 1024 1051 v.
1060 1023 1108 1070 g.
1145 1022 1232 1068 per
1279 1005 1557 1054 affinitatem
1609 1024 1673 1056 ex

252 1069 576 1119 fornicatione
616 1069 756 1118 unius
799 1088 908 1118 cum
970 1072 1332 1134 consanguinea
1378 1073 1575 1121 alterius
1622 1075 1673 1121 in

252 1135 409 1203 primo
432 1138 509 1186 vel
534 1138 754 1185 secundo
779 1138 933 1201 gradu
971 1139 1352 1202 provenientem.
1424 1139 1570 1187 Ratio
1597 1151 1671 1189 est

254 1206 369 1268 quia
393 1210 558 1266 eJusce
583 1204 714 1251 modi
749 1205 1100 1268 impedimento
1123 1205 1310 1254 detenti
1347 1216 1457 1254 nter
1483 1222 1536 1255 se
1572 1224 1671 1255 rna·

254 1271 533 1319 trimonium
555 1271 843 1319 contrahere
865 1283 1132 1335 nequeunt.

322 1338 507 1386 Verum
534 1349 697 1386 tamen
735 1338 772 1385 si
807 1354 917 1402 pars
942 1340 1173 1387 innocens
1199 1338 1248 1385 id
1274 1339 1513 1403 exegerit,
1531 1349 1666 1389 tene-

252 1416 332 1453 tur
370 1415 542 1454 auctor
585 1404 796 1452 criminis
841 1406 970 1454 unde
1012 1408 1226 1454 nascitur
1263 1406 1670 1487 impedimentum

252 1471 664 1537 dispensationem
718 1474 995 1536 postulare;
1045 1484 1146 1521 tum
1196 1473 1307 1536 quia
1345 1478 1425 1535 jus
1472 1474 1671 1523 alterius

249 1556 338 1607 sua
363 1540 506 1602 culpa
531 1539 743 1616 violavit,
780 1556 838 1587 ac
876 1540 1078 1604 proinde
1121 1550 1315 1588 tenetur
1355 1541 1476 1588 illud
1516 1557 1669 1589 resar-

255 1604 384 1664 cir'e3
421 1615 522 1654 tum
551 1606 663 1671 quia
689 1607 868 1653 nemini
910 1608 1091 1663 crimen
1129 1608 1423 1671 patrocinari
1448 1608 1610 1657 debet.

658 1745 850 1794 CAUSA
888 1747 934 1792 8.
971 1743 1266 1792 Fornicatio.

254 1943 257 1944 γ
319 1899 477 1951 Unius
503 1897 652 1963 partis
691 1897 946 1946 fornicatio
971 1897 1214 1961 sponsalia
1237 1898 1553 1963 subsequens,
1602 1902 1669 1950 le-

248 1967 419 2032 gitima
454 1977 528 2015 est
568 1967 861 2028 sponsalium
903 1965 1318 2012 dissolvendorum
1355 1983 1517 2025 causa,
1560 1984 1666 2032 cap.

257 2035 663 2091 Quemadmodum,
689 2035 761 2082 tit.
785 2035 841 2080 de
863 2033 1078 2094 Jurefjur.
1141 2033 1291 2093 Quod
1318 2034 1366 2081 S.
1392 2034 1669 2086 Antoninus

247 2101 454 2163 intelligi
488 2101 590 2148 vult
623 2101 685 2147 de
710 2100 948 2163 spirituali
984 2099 1322 2158 fornicatione,
1360 2111 1477 2164 puta
1500 2099 1669 2151 haeresi

249 2179 299 2217 et
323 2167 580 2231 apostasia.
653 2168 767 2215 Sola
791 2177 952 2214 autem
987 2182 1097 2228 pais
1133 2167 1368 2233 innocens
1404 2184 1433 2215 a
1473 2168 1667 2217 vinculo

246 2235 543 2300 sponsalium
571 2233 827 2288 eximitur;
863 2249 958 2281 non
977 2249 1075 2289 rea,
1098 2229 1206 2279 cum
1235 2250 1298 2281 ex
1325 2235 1494 2296 regula
1516 2235 1664 2292 Juris,

249 2320 382 2359 nemo
426 2319 484 2350 ex
521 2300 699 2359 delzcto,
737 2299 966 2350 melzorem
1000 2317 1130 2347 suam
1177 2300 1479 2350 conditionem
1491 2304 1665 2365 ficere

243 2370 405 2436 possit.

257 2487 260 2491 ,
321 2435 605 2484 Notandum
645 2444 725 2484 est
774 2438 850 2482 10.
900 2431 1197 2481 decisionem
1248 2433 1374 2481 hanc
1423 2444 1519 2481 tam
1569 2451 1657 2499 pro

250 2519 429 2568 sponsa
454 2518 599 2567 quam
635 2518 723 2564 pro
749 2517 926 2565 sponso
957 2501 1149 2557 valere3
1186 2500 1300 2563 quia
1336 2517 1543 2565 sponsus
1564 2519 1659 2550 non

247 2588 390 2619 secus
416 2586 474 2617 ac
498 2585 692 2645 sponsa,
717 2568 756 2617 si
784 2568 927 2616 fidem
950 2567 1167 2630 fregerit,
1207 2567 1378 2615 merito
1403 2579 1659 2632 suspectus

245 2638 301 2694 fit
326 2637 389 2688 de
406 2637 540 2686 fide
529 2652 576 2682 in
602 2646 850 2699 posterum
874 2651 970 2682 non
996 2634 1247 2690 servanda,
1276 2651 1366 2682 nec
1390 2636 1554 2685 locum
1578 2635 1662 2684 dat

247 2703 476 2769 sperandi
508 2703 679 2751 felices
725 2701 916 2753 futuros
962 2717 1067 2749 esse
1114 2702 1405 2753 matrimonii
1440 2702 1661 2767 ‘promissi

248 2772 426 2823 exitus
1656 2802 1663 2807 2

314 2839 392 2890 2⁰·
430 2834 480 2885 Si
505 2840 726 2898 sponsus
761 2844 844 2883 aut
868 2851 1045 2899 sponsa
1081 2834 1307 2899 utrinque
1330 2835 1659 2898 peccaverint,

250 2903 453 2971 censent
478 2902 697 2954 nonnulli
723 2901 825 2953 dari
848 2901 1295 2966 compensationem
1327 2902 1511 2960 delicti,
1540 2917 1657 2952 neu·

246 3007 256 3031 a
295 3023 323 3051 Α)
1500 2967 1655 3030 trique
