1846 3250
297 157 362 202 6⁶2
800 162 1224 216 TRACTATUS

291 291 447 341 aliena
486 294 702 343 Dioecesi
745 296 847 346 sine
885 300 1127 349 Ordinarii
1170 303 1265 351 loci
1307 304 1504 354 licentia
1541 307 1700 356 munia

289 362 584 423 pontificalia
622 381 874 414 exercere.
943 369 999 415 In
1025 379 1258 418 statutum
1299 383 1371 420 est
1410 390 1438 421 a
1476 376 1699 423 Concilio

268 430 378 476 sub
400 432 592 480 nomine
621 435 967 497 Apostolorum
995 454 1100 485 can.
1127 441 1208 487 36.
1243 442 1487 496 aConcil.
1526 444 1727 491 Antio-‘

287 497 459 545 cheno.
485 516 594 547 ann.
621 505 735 548 341.
761 519 867 550 can.
894 507 974 551 22.
1003 522 1095 553 nec
1138 523 1234 554 non
1273 523 1303 555 a
1341 510 1527 557 Concil.
1565 512 1699 560 Trid.

262 581 400 613 sess.
435 572 506 615 14.
532 570 642 617 αἳ.
678 569 740 617 de
786 572 1002 619 Reform.
1045 574 1126 621 ubi
1174 575 1402 640 Episcopi
1447 578 1497 624 in
1542 580 1698 627 aliena

284 633 500 684 Dioecesi
526 637 629 685 sine
653 637 851 687 licentia
870 639 1112 690 Ordinarii
1133 643 1427 692 Ordinantes
1446 645 1695 694 declaran-

258 712 360 750 -tur
383 704 431 750 in
456 704 558 767 ipso,
576 708 686 769 jure
711 707 930 771 suspensi
956 709 1016 756 ab
1043 711 1280 759 exercitio
1320 712 1690 770 Pontificalium‚

256 781 329 817 ,et
355 771 579 821 Ordinati
618 775 678 821 ab
719 776 1013 824 executione
1043 795 1237 826 suorum
1265 780 1524 838 Ordinum‚
1563 784 1693 847 quod

255 837 476 902 quidem
504 842 772 890 Decretum
817 843 910 891 vim
951 846 1100 894 habet
1137 847 1184 893 in
1212 847 1381 905 Galiis,
1420 859 1473 896 ut
1499 861 1689 898 constat

252 923 340 953 ex
369 909 589 958 Coxnitiis
615 912 937 973 generalibus.
967 930 1078 962 ann.
1109 919 1254 963 1655.
1544 908 1547 911 ¹

346 975 497 1026 Notat
520 979 737 1026 Collator
759 980 1128 1044 Andegavensis
1160 982 1419 1047 nequidem
1444 995 1688 1039 tonsuram

251 1054 323 1091 .et
362 1045 570 1094 minores
597 1047 806 1096 Ordines
846 1065 986 1111 posse
1016 1050 1233 1098 Dioecesi
1266 1052 1425 1099 aliena
1460 1054 1685 1112 conferri,

274 1112 386 1175 quia
405 1114 508 1163 haec
528 1115 773 1179 pertinent
797 1116 859 1164 ad
880 1117 1041 1165 munia
1060 1118 1357 1182 pontificalia
1380 1136 1488 1183 quae
1512 1138 1540 1168 a
1558 1123 1685 1170 Con-

253 1181 351 1228 leil.
379 1182 512 1230 Trid.
549 1184 638 1230 sub
664 1200 809 1247 poena
833 1184 1145 1247 depositionis
1182 1187 1230 1233 in
1272 1187 1429 1235 aliena
1465 1189 1682 1239 Dioecesi

252 1249 603 1312 prohibentur.
674 1253 855 1301 Censet
880 1262 1040 1301 tamen
1067 1254 1332 1313 Hallerius,
1367 1272 1415 1318 p.
1443 1260 1554 1306 340.
1579 1274 1682 1305 rem

267 1317 407 1365 istam
440 1321 580 1383 praxi
606 1330 656 1368 et
682 1321 1036 1370 consuetudine
1078 1323 1296 1371 locorum
1322 1323 1679 1385 dijudicandam

267 1402 388 1433 esse.
1430 1426 1432 1429 f

338 1457 528 1507 Uerres
555 1460 634 1505 90.
669 1473 729 1505 an
756 1456 835 1519 qui
871 1456 1108 1521 rescripta
1144 1474 1168 1507 a
1218 1459 1266 1506 S.
1294 1458 1530 1508 Pontifice
1555 1460 1679 1508 obti-

260 1533 438 1570 nerunt
470 1535 521 1572 ut
555 1526 615 1573 ab
652 1525 819 1572 alienis
846 1526 1101 1589 Episcopis
1143 1538 1507 1586 consecrentur,
1566 1544 1676 1591 pos-

240 1590 354 1637 sint
382 1591 591 1639 ordinari
618 1592 721 1640 sine
746 1593 943 1639 licentia
967 1594 1144 1657 proprii
1174 1594 1451 1657 Episcopi?

239 1700 244 1704 ,
322 1659 391 1706 R.
416 1661 639 1726 negative.
716 1660 949 1708 Praesules
975 1660 1102 1708 enim
1123 1660 1363 1708 Gallicani
1389 1663 1434 1709 in
1463 1662 1673 1725 praefatis

260 1726 479 1775 Comitiis
524 1728 736 1775 Litteras
805 1727 867 1774 ad
916 1728 1180 1776 Pontifices
1227 1729 1560 1793 scripserunt,
1598 1731 1671 1777 in-

258 1811 425 1858 super.
455 1795 724 1859 Epistolam
768 1796 1069 1858 encyclicam
1116 1796 1179 1844 ad
1227 1813 1394 1845 omnes
1434 1797 1670 1845 Ecclesiae

235 1893 239 1899 ·
258 1863 526 1912 Gallicanae
539 1864 775 1912 Praesules
793 1863 1027 1912 miserunt
1039 1877 1090 1912 ut
1114 1867 1173 1912 ab
1200 1865 1255 1912 iis
1274 1865 1670 1914 Ordinationibus

254 1931 571 1980 abstinerent.
647 1934 891 1981 Caeterum
918 1932 981 1979 de
1004 1942 1246 1995 potestate
1276 1933 1324 1979 S.
1349 1933 1594 1980 Pontificis
1619 1934 1667 1980 in

234 2001 343 2048 ,hac
370 2011 418 2048 et
443 2001 489 2046 in
516 2000 619 2048 aliis
658 1999 821 2047 multis
853 1999 1075 2059 diximus,
1113 2012 1229 2049 tom.
1257 2003 1300 2047 2.
1326 2001 1389 2048 de
1426 2001 1662 2057 Ecclesia,

232 2085 361 2132 'quae
387 2069 570 2116 consuli
597 2078 813 2130 possunt.
1487 2112 1491 2116 ,

322 2138 511 2193 choeres
541 2140 633 2183 10⁰·
670 2136 776 2200 quis
812 2134 875 2194 sit¹
908 2134 1134 2197 proprios
1172 2136 1504 2200 Regularium,
1542 2136 1662 2185 rela-

250 2204 347 2251 tive
372 2205 434 2252 ad
461 2204 688 2259 Ordines,
711 2203 999 2265 Episcopus
1019 2202 1041 2248 Ρ

318 2274 594 2334 Antequam
638 2270 1033 2334 respondeamus,
1070 2271 1334 2318 notandum
1379 2281 1452 2318 est
1494 2271 1663 2334 Regu.

246 2342 372 2389 lares
396 2341 515 2388 alios
539 2356 644 2388 esse
675 2338 911 2392 Novitios,
947 2339 1065 2386 alios
1088 2354 1196 2385 esse
1221 2343 1323 2400 jam
1351 2337 1655 2399 Religionem

230 2407 521 2471 ¹profisssos:
558 2423 621 2456 ex
668 2406 902 2455 Professis
944 2421 1057 2453 vero
1092 2405 1210 2452 alios
1248 2415 1395 2452 certa:
1420 2404 1582 2452 domui
1609 2405 1657 2451 in

244 2487 538 2539 perpetuum
581 2490 687 2523 esse
728 2475 968 2538 alligatos,
1006 2483 1058 2520 ut
1093 2472 1399 2520 Benedictini
1440 2473 1657 2519 nonnulli

246 2544 326 2606 qui
352 2544 400 2590 in
427 2543 820 2608 Congregatione
845 2557 941 2588 non
966 2540 1161 2588 vivunt:
1197 2541 1314 2587 alios
1353 2556 1466 2587 vero
1492 2556 1518 2587 e
1546 2540 1658 2587 Mo-

242 2611 453 2662 masserio
478 2609 906 2658 in'Monasterium
932 2616 1254 2665 transeuntes,
1294 2618 1345 2655 ut
1366 2608 1658 2656 Mendican-

244 2690 318 2727 tes
344 2692 393 2727 et
419 2678 496 2726 alii
524 2678 676 2726 multi.
753 2676 842 2724 His
869 2676 1052 2740 positis.

308 2747 374 2794 R.
406 2746 465 2793 1⁶·
503 2745 725 2793 Novitios
750 2760 779 2792 a
802 2760 891 2792 suo
923 2753 1037 2790 ante
1062 2742 1330 2805 ingressum
1360 2743 1407 2789 in
1437 2742 1656 2807 Religio-

238 2832 348 2864 nem
377 2813 622 2877 Episcopo
646 2823 732 2860 aut
755 2828 817 2859 ex
844 2815 945 2872 ejus
971 2810 1172 2858 Litteris
1208 2810 1493 2859 dimissoriis
1527 2810 1655 2858 ordi-

230 2884 342 2932 nari
363 2882 542 2930 debere
563 2901 574 2936 ;
610 2880 723 2943 quia
746 2878 970 2925 nimirum
988 2878 1120 2925 nullo
1137 2882 1246 2939 jure
1271 2894 1300 2926 a
1322 2878 1392 2926 sui
1419 2877 1649 2942 Episcopi

233 2950 574 3011 jurisdictione
615 2958 727 2996 sunt
764 2947 1019 3001 immunes,
1056 2955 1105 2993 et
1136 2946 1331 3010 insuper
1365 2956 1564 3009 possunt
1587 2944 1649 2991 ad

237 3021 464 3066 saeculum
484 3015 692 3080 regredi,
719 3014 988 3078 meritoque
1010 3023 1363 3078 praesumuntur
1384 3027 1442 3061 eo
1462 3027 1649 3071 regres-

237 3085 332 3133 suri
361 3086 485 3134 unde
516 3096 758 3133 venerant.
1491 3079 1552 3126 R.
1578 3079 1645 3136 25³·
