1846 3250
688 161 786 209 DE
825 160 1116 211 ORDINE.
1527 161 1625 210 129

218 300 317 347 sit..
373 296 721 359 ..Proesbyteri,
740 300 783 344 si
796 314 971 344 necesse
988 305 1067 352 cst,
1078 303 1282 359 possunt
1296 294 1501 342 chrisma
1515 310 1624 341 con-

200 367 364 428 ficere.
426 365 564 427 Ergo
601 381 699 412 non
735 376 846 414 sunt
874 365 1103 429 Episcopi
1144 363 1456 429 Praesbyteris
1479 378 1620 426 supe-

217 434 382 481 riores.
1394 467 1397 470 -

285 502 345 549 R
377 504 451 547 10·
484 499 625 562 huJus
666 499 819 563 ignoti
858 498 1091 548 Auctoris
1128 509 1178 547 et-
1215 497 1498 547 recentioris
1532 496 1621 545 aevi

215 568 394 615 nullam
420 584 524 616 esse
550 569 907 616 auctoritatem.
942 570 1020 614 20·
1044 566 1261 630 Scriptor
1280 566 1379 625 ille,
1405 565 1621 629 quamvis

217 636 468 699 Episcopis
493 637 726 693 insensus,
763 636 983 701 agnoscit
1008 645 1169 682 tamen
1192 634 1487 698 Episcopum
1515 650 1621 681 esse

214 721 452 752 summum
481 704 815 763 Sacerdotem,
852 715 901 752 et
929 702 1229 753 clericorum
1251 702 1619 760 Ordinationem

214 772 330 820 huic
355 788 460 821 esse
484 784 795 821 reservatam.

291 840 395 905 obj.
427 844 520 890 11⁰·
560 841 609 888 S.
636 841 939 905 Augustinus
978 837 1132 904 Epist.
1170 842 1246 888 19.
1282 854 1414 885 num.
1441 840 1520 885 8⁶2..
1556 837 1620 885 ad

216 906 420 957 Hieron.
445 926 576 955 num.
600 912 680 958 38.
715 910 784 957 sic
809 909 985 957 habet:
1038 908 1328 970 Quanquam
1363 907 1619 953 secundum

218 977 448 1023 honorum
475 977 718 1034 vocabula,
755 992 864 1041 qua·
881 976 995 1040 jam
1018 974 1237 1022 Ecclesia
1268 991 1383 1023 usus
1404 973 1620 1029 obtinuit,
1648 978 1651 980 '

216 1046 510 1107 qaiscopatus
540 1045 852 1108 praesbyterio
885 1046 1041 1109 major
1068 1045 1144 1098 sit,
1180 1052 1337 1090 tamen
1371 1044 1423 1089 iu
1459 1041 1621 1088 multis

209 1111 346 1160 rebus
385 1110 690 1190 Auquscmus
733 1115 1026 1174 Hieronymo
1070 1113 1227 1159 minor
1272 1119 1368 1158 est..
1460 1108 1617 1173 Atqui

215 1179 351 1227 Ordo
377 1181 456 1244 qui
483 1182 667 1229 recenti
703 1190 890 1229 tantum
914 1180 1153 1228 Ecclesiae
1188 1195 1277 1227 usu
1303 1179 1617 1244 praesbyterio
1646 1213 1648 1215 .

213 1263 308 1296 non
335 1259 408 1296 est
425 1254 534 1311 Jure
559 1248 720 1296 divino
743 1248 976 1313 superior.
1044 1248 1201 1312 Ergo,
1224 1252 1315 1295 διο.

283 1316 349 1366 B.
378 1316 427 1364 S.
437 1318 714 1365 Doctorem
732 1317 829 1365 hoc
848 1334 996 1365 unum
1017 1327 1202 1365 tantum
1218 1316 1360 1372 velle,
1388 1312 1621 1378 Episcopi

222 1384 529 1442 vocabulum,
590 1385 720 1448 quod
744 1395 888 1434 antea
912 1384 1012 1434 sive
1035 1384 1165 1447 apud
1192 1383 1488 1434 Christianos
1523 1383 1624 1435 sive

214 1453 359 1502 etiam
385 1452 515 1517 apud
540 1454 572 1501 J
578 1454 738 1501 udaeos
762 1453 940 1501 laboris
965 1463 1015 1501 et
1039 1452 1181 1500 officii
1207 1468 1381 1500 nomen
1408 1461 1527 1509 erat,
1554 1466 1619 1500 ex

215 1535 306 1568 usu
333 1520 569 1568 Ecclesiae
594 1521 799 1570 evasisse
823 1521 1019 1568 honoris
1042 1520 1253 1568 titulum.
1315 1520 1392 1567 At
1416 1535 1513 1566 non
1538 1535 1621 1566 vo·

211 1588 302 1636 luit
325 1588 597 1652 significare
612 1589 764 1652 ipsam
785 1588 1070 1652 dignitatem
1090 1587 1414 1651 episcopalem
1440 1603 1502 1635 ex
1530 1603 1621 1634 usu

215 1656 451 1704 Ecclesiae
485 1659 834 1721 praesbyteratu
862 1656 1041 1704 factam
1067 1667 1140 1703 est
1165 1660 1413 1718 maJorem.
1473 1655 1621 1704 Unde

216 1741 330 1773 usus
371 1741 514 1789 quem
555 1724 620 1772 ibi
662 1735 1025 1782 commemorat,
1062 1723 1110 1770 in
1148 1724 1401 1782 vocabula,
1438 1739 1534 1770 non
1573 1723 1622 1769 in

212 1808 315 1840 rem
341 1791 488 1856 ipsam
514 1792 663 1841 cadit.
724 1794 773 1841 Is
797 1809 933 1856 erge,
959 1791 1114 1856 inquit
1145 1791 1393 1848 Vstassius,
1423 1794 1622 1855 Augus·

215 1860 300 1908 tini
339 1877 532 1913 sensus:
587 1861 818 1925 quamvis,
846 1866 994 1923 Juxta
1018 1876 1198 1907 morem
1228 1858 1467 1907 Ecclesiae
1490 1875 1623 1906 nunc

213 1939 485 1992 receptum,
524 1930 837 1992 episcopatus
857 1928 1050 1987 nomine
1085 1927 1385 1990 intelligatur
1409 1926 1623 1990 dignitas

212 2001 365 2059 major
401 2012 460 2043 ea
485 2012 593 2059 quae
622 2001 722 2058 jam
748 2006 950 2045 vocatur
973 1996 1364 2061 praesbyteratus,
1403 2005 1620 2043 attamen

217 2064 523 2126 Augustinus
549 2065 628 2126 qui
650 2063 827 2112 dicitur
846 2063 1132 2142 Episcopus,
1159 2064 1313 2111 minor
1333 2074 1404 2111 est
1430 2062 1477 2109 in
1503 2063 1622 2119 mul-

215 2132 276 2179 tis
300 2132 443 2179 rebus
471 2131 775 2197 Hieronymo
799 2134 881 2198 qui
908 2132 1181 2196 Praesbyter
1205 2131 1496 2188 nominatur,
1534 2131 1622 2180 mi-

210 2215 300 2247 nor
327 2199 524 2263 pietate,
562 2200 850 2257 eruditione,
886 2217 981 2248 non
1008 2215 1122 2248 vero
1148 2201 1448 2254 charactere,
1476 2198 1621 2247 Ordi-

211 2265 447 2325 natione,
473 2279 522 2316 et
547 2267 902 2333 Jurisdictione.
971 2270 1240 2332 Responsio
1281 2270 1513 2333 probatur
1554 2284 1620 2316 ex

212 2351 271 2383 eo
292 2337 422 2399 quod
440 2337 745 2412 Augustinus
771 2353 983 2386 errorem
1005 2337 1138 2385 Aerii
1161 2348 1212 2386 ut
1231 2337 1448 2401 putidam
1468 2336 1620 2385 haere-

212 2402 299 2451 sim
325 2403 566 2466 rejecerit.

290 2471 530 2534 0472120·
575 2472 713 2521 Idem
757 2473 806 2521 S.
833 2462 1023 2531 Ductor
1060 2472 1108 2520 in
1134 2473 1244 2521 Lib.
1281 2445 1616 2526 Quaestionum

213 2537 262 2585 in
286 2550 424 2587 vetus
462 2549 511 2588 et
534 2556 710 2588 novum
737 2542 1121 2600 Testamentum,
1159 2542 1228 2589 sic
1249 2540 1426 2589 habet:
1485 2541 1624 2600 Quid

215 2613 282 2654 est
302 2606 584 2672 Episcopus,
620 2611 714 2656 uisi
742 2612 937 2672 primus
965 2609 1238 2673 Proesbyter
1241 2644 1342 2659 ......
1338 2625 1379 2671 p
1380 2624 1431 2668 er
1471 2616 1616 2656 totam

216 2673 503 2737 AEyyptum,
536 2678 578 2722 si
610 2678 730 2724 desit
749 2677 1037 2741 Episcopus,
1072 2678 1320 2739 cousiquac
1340 2676 1617 2738 Praesbyter

215 2777 317 2791 ......
323 2743 523 2789 multum
555 2745 731 2791 distare
767 2747 890 2792 inter
921 2745 1200 2793 Diaconum
1237 2754 1280 2792 et
1312 2745 1612 2792 Sacerdotem

213 2808 447 2872 approbat
469 2809 612 2858 Liber
628 2811 837 2860 Actuum
851 2812 1204 2876 Apostolorum.
1266 2812 1388 2860 Cum
1412 2814 1535 2859 euim
1559 2827 1617 2857 εει·

218 2877 450 2923 Samaria
472 2878 773 2927 credidissent
789 2880 1025 2960 Philippo
1042 2881 1280 2937 Diacouo,
1305 2883 1534 2927 miserunt
1550 2880 1618 2925 ad

210 2944 412 2993 Petrum
436 2954 480 2993 ct
500 2946 735 2994 Joanuem
759 2957 813 2995 ut
835 2951 1046 2997 venirent
1080 2958 1122 2997 et
1157 2949 1229 2997 hes
1259 2950 1344 3010 qui
1380 2947 1616 2994 crederem

1371 3014 1612 3078 »Spiritum
