<?xml version="1.0" encoding="UTF-8"?>
<!DOCTYPE html PUBLIC "-//W3C//DTD XHTML 1.0 Transitional//EN"
    "http://www.w3.org/TR/xhtml1/DTD/xhtml1-transitional.dtd">
<html xmlns="http://www.w3.org/1999/xhtml" xml:lang="en" lang="en">
 <head>
  <title>
</title>
<meta http-equiv="Content-Type" content="text/html;charset=utf-8" />
  <meta name='ocr-system' content='tesseract 3.04.00' />
  <meta name='ocr-capabilities' content='ocr_page ocr_carea ocr_par ocr_line ocrx_word'/>
</head>
<body>
  <div class='ocr_page' id='page_1' title='image "./theologica00bailuoft_0287.png"; bbox 0 0 1846 3250; ppageno 0'>
   <div class='ocr_carea' id='block_1_1' title="bbox 537 163 1578 217">
    <p class='ocr_par' dir='ltr' id='par_1_1' title="bbox 537 163 1578 217">
     <span class='ocr_line' id='line_1_1' title="bbox 537 163 1578 217; baseline -0.006 0"><span class='ocrx_word' id='word_1_1' title='bbox 537 168 636 217; x_wconf 90' lang='lat' dir='ltr'>DE</span> <span class='ocrx_word' id='word_1_2' title='bbox 676 163 1578 217; x_wconf 68' lang='lat' dir='ltr'>MATRIMON10.283</span> 
     </span>
    </p>
   </div>
   <div class='ocr_carea' id='block_1_2' title="bbox 130 285 1585 3041">
    <p class='ocr_par' dir='ltr' id='par_1_2' title="bbox 130 285 1565 479">
     <span class='ocr_line' id='line_1_2' title="bbox 201 285 1565 356; baseline -0.007 -12"><span class='ocrx_word' id='word_1_3' title='bbox 201 297 284 343; x_wconf 79' lang='lat'>60·</span> <span class='ocrx_word' id='word_1_4' title='bbox 321 294 442 344; x_wconf 90' lang='lat' dir='ltr'>Cum</span> <span class='ocrx_word' id='word_1_5' title='bbox 479 292 752 356; x_wconf 86' lang='lat' dir='ltr'>periculum</span> <span class='ocrx_word' id='word_1_6' title='bbox 790 301 864 340; x_wconf 90' lang='lat' dir='ltr'>est</span> <span class='ocrx_word' id='word_1_7' title='bbox 899 289 950 338; x_wconf 85' lang='lat' dir='ltr'>in</span> <span class='ocrx_word' id='word_1_8' title='bbox 985 305 1136 347; x_wconf 87' lang='lat' dir='ltr'>mora,</span> <span class='ocrx_word' id='word_1_9' title='bbox 1178 286 1368 336; x_wconf 86' lang='lat' dir='ltr'>scilicet</span> <span class='ocrx_word' id='word_1_10' title='bbox 1404 285 1565 350; x_wconf 78' lang='lat' dir='ltr'>gravis</span> 
     </span>
     <span class='ocr_line' id='line_1_3' title="bbox 130 355 1564 426; baseline -0.005 -15"><span class='ocrx_word' id='word_1_11' title='bbox 130 362 324 426; x_wconf 87' lang='lat' dir='ltr'>peccati</span> <span class='ocrx_word' id='word_1_12' title='bbox 349 370 433 409; x_wconf 90' lang='lat' dir='ltr'>aut</span> <span class='ocrx_word' id='word_1_13' title='bbox 474 358 632 424; x_wconf 88' lang='lat' dir='ltr'>gravis</span> <span class='ocrx_word' id='word_1_14' title='bbox 674 358 859 407; x_wconf 87' lang='lat' dir='ltr'>dissidii</span> <span class='ocrx_word' id='word_1_15' title='bbox 900 358 1027 406; x_wconf 89' lang='lat' dir='ltr'>inter</span> <span class='ocrx_word' id='word_1_16' title='bbox 1058 355 1450 406; x_wconf 80' lang='lat' dir='ltr'>contrahentium</span> <span class='ocrx_word' id='word_1_17' title='bbox 1476 368 1564 419; x_wconf 79' lang='lat' dir='ltr'>pa-</span> 
     </span>
     <span class='ocr_line' id='line_1_4' title="bbox 137 440 709 479; baseline 0.003 -3"><span class='ocrx_word' id='word_1_18' title='bbox 137 440 316 479; x_wconf 84' lang='lat' dir='ltr'>rentes.</span> <span class='ocrx_word' id='word_1_19' title='bbox 706 451 709 452; x_wconf 43' lang='lat'><em>⁷</em></span> 
     </span>
    </p>

    <p class='ocr_par' dir='ltr' id='par_1_3' title="bbox 135 491 1572 1100">
     <span class='ocr_line' id='line_1_5' title="bbox 204 491 1565 558; baseline -0.005 -14"><span class='ocrx_word' id='word_1_20' title='bbox 204 501 282 548; x_wconf 83' lang='lat'>70·</span> <span class='ocrx_word' id='word_1_21' title='bbox 318 495 445 544; x_wconf 91' lang='lat' dir='ltr'>Cum</span> <span class='ocrx_word' id='word_1_22' title='bbox 470 492 578 558; x_wconf 86' lang='lat' dir='ltr'>quis</span> <span class='ocrx_word' id='word_1_23' title='bbox 602 492 650 539; x_wconf 91' lang='lat' dir='ltr'>in</span> <span class='ocrx_word' id='word_1_24' title='bbox 676 492 909 542; x_wconf 87' lang='lat' dir='ltr'>extremis</span> <span class='ocrx_word' id='word_1_25' title='bbox 931 491 1226 541; x_wconf 87' lang='lat' dir='ltr'>constitutus</span> <span class='ocrx_word' id='word_1_26' title='bbox 1251 492 1355 539; x_wconf 87' lang='lat' dir='ltr'>vult</span> <span class='ocrx_word' id='word_1_27' title='bbox 1380 491 1565 539; x_wconf 88' lang='lat' dir='ltr'>ducere</span> 
     </span>
     <span class='ocr_line' id='line_1_6' title="bbox 138 544 1567 623; baseline -0.006 -10"><span class='ocrx_word' id='word_1_28' title='bbox 138 544 460 613; x_wconf 82' lang='lat' dir='ltr'>concubinam</span> <span class='ocrx_word' id='word_1_29' title='bbox 502 578 564 610; x_wconf 91' lang='lat' dir='ltr'>ne</span> <span class='ocrx_word' id='word_1_30' title='bbox 605 561 689 607; x_wconf 91' lang='lat' dir='ltr'>filii</span> <span class='ocrx_word' id='word_1_31' title='bbox 728 577 792 609; x_wconf 83' lang='lat' dir='ltr'>ex</span> <span class='ocrx_word' id='word_1_32' title='bbox 827 578 885 609; x_wconf 91' lang='lat' dir='ltr'>ea</span> <span class='ocrx_word' id='word_1_33' title='bbox 919 560 1137 623; x_wconf 88' lang='lat' dir='ltr'>suscepti</span> <span class='ocrx_word' id='word_1_34' title='bbox 1174 559 1270 607; x_wconf 90' lang='lat' dir='ltr'>sint</span> <span class='ocrx_word' id='word_1_35' title='bbox 1307 556 1567 622; x_wconf 86' lang='lat' dir='ltr'>illegitimi,</span> 
     </span>
     <span class='ocr_line' id='line_1_7' title="bbox 136 627 1567 680; baseline -0.004 0"><span class='ocrx_word' id='word_1_36' title='bbox 136 640 220 680; x_wconf 90' lang='lat' dir='ltr'>aut</span> <span class='ocrx_word' id='word_1_37' title='bbox 254 647 317 679; x_wconf 87' lang='lat' dir='ltr'>ne</span> <span class='ocrx_word' id='word_1_38' title='bbox 352 630 459 679; x_wconf 86' lang='lat' dir='ltr'>illa</span> <span class='ocrx_word' id='word_1_39' title='bbox 492 629 839 677; x_wconf 87' lang='lat' dir='ltr'>dedecoretur.</span> <span class='ocrx_word' id='word_1_40' title='bbox 934 629 1120 676; x_wconf 89' lang='lat' dir='ltr'>Verum</span> <span class='ocrx_word' id='word_1_41' title='bbox 1178 627 1449 675; x_wconf 88' lang='lat' dir='ltr'>notandum</span> <span class='ocrx_word' id='word_1_42' title='bbox 1490 634 1567 674; x_wconf 87' lang='lat' dir='ltr'>est</span> 
     </span>
     <span class='ocr_line' id='line_1_8' title="bbox 135 693 1571 754; baseline -0.004 -7"><span class='ocrx_word' id='word_1_43' title='bbox 135 698 444 747; x_wconf 88' lang='lat' dir='ltr'>matrimonia</span> <span class='ocrx_word' id='word_1_44' title='bbox 466 697 515 745; x_wconf 92' lang='lat' dir='ltr'>in</span> <span class='ocrx_word' id='word_1_45' title='bbox 541 696 789 754; x_wconf 80' lang='lat' dir='ltr'>extremis,</span> <span class='ocrx_word' id='word_1_46' title='bbox 825 712 913 745; x_wconf 89' lang='lat' dir='ltr'>seu</span> <span class='ocrx_word' id='word_1_47' title='bbox 949 693 1237 743; x_wconf 86' lang='lat' dir='ltr'>imminente</span> <span class='ocrx_word' id='word_1_48' title='bbox 1271 710 1413 752; x_wconf 91' lang='lat' dir='ltr'>nece,</span> <span class='ocrx_word' id='word_1_49' title='bbox 1452 709 1571 742; x_wconf 90' lang='lat' dir='ltr'>con-</span> 
     </span>
     <span class='ocr_line' id='line_1_9' title="bbox 139 761 1571 825; baseline -0.004 -11"><span class='ocrx_word' id='word_1_50' title='bbox 139 776 315 821; x_wconf 85' lang='lat' dir='ltr'>tracta,</span> <span class='ocrx_word' id='word_1_51' title='bbox 350 766 470 814; x_wconf 88' lang='lat' dir='ltr'>licet</span> <span class='ocrx_word' id='word_1_52' title='bbox 519 765 570 811; x_wconf 90' lang='lat' dir='ltr'>in</span> <span class='ocrx_word' id='word_1_53' title='bbox 627 763 931 813; x_wconf 83' lang='lat' dir='ltr'>conscientia</span> <span class='ocrx_word' id='word_1_54' title='bbox 970 763 1182 819; x_wconf 85' lang='lat' dir='ltr'>valeant,</span> <span class='ocrx_word' id='word_1_55' title='bbox 1235 761 1275 808; x_wconf 88' lang='lat' dir='ltr'>si</span> <span class='ocrx_word' id='word_1_56' title='bbox 1327 770 1571 825; x_wconf 84' lang='lat' dir='ltr'>aegrotans</span> 
     </span>
     <span class='ocr_line' id='line_1_10' title="bbox 137 829 1571 892; baseline -0.003 -10"><span class='ocrx_word' id='word_1_57' title='bbox 137 834 299 883; x_wconf 88' lang='lat' dir='ltr'>animo</span> <span class='ocrx_word' id='word_1_58' title='bbox 323 849 467 882; x_wconf 89' lang='lat' dir='ltr'>sanus</span> <span class='ocrx_word' id='word_1_59' title='bbox 491 832 570 889; x_wconf 86' lang='lat' dir='ltr'>sit,</span> <span class='ocrx_word' id='word_1_60' title='bbox 606 833 766 881; x_wconf 85' lang='lat' dir='ltr'>nullos</span> <span class='ocrx_word' id='word_1_61' title='bbox 790 842 952 880; x_wconf 89' lang='lat' dir='ltr'>tamen</span> <span class='ocrx_word' id='word_1_62' title='bbox 972 830 1020 878; x_wconf 91' lang='lat' dir='ltr'>in</span> <span class='ocrx_word' id='word_1_63' title='bbox 1043 829 1206 879; x_wconf 89' lang='lat' dir='ltr'>Gallia</span> <span class='ocrx_word' id='word_1_64' title='bbox 1230 844 1402 892; x_wconf 88' lang='lat' dir='ltr'>parere</span> <span class='ocrx_word' id='word_1_65' title='bbox 1422 829 1571 878; x_wconf 85' lang='lat' dir='ltr'>effec-</span> 
     </span>
     <span class='ocr_line' id='line_1_11' title="bbox 141 895 1571 950; baseline -0.003 -1"><span class='ocrx_word' id='word_1_66' title='bbox 141 910 219 950; x_wconf 85' lang='lat' dir='ltr'>tus</span> <span class='ocrx_word' id='word_1_67' title='bbox 245 900 410 950; x_wconf 86' lang='lat' dir='ltr'>civiles</span> <span class='ocrx_word' id='word_1_68' title='bbox 435 918 499 949; x_wconf 83' lang='lat' dir='ltr'>ex</span> <span class='ocrx_word' id='word_1_69' title='bbox 522 901 719 949; x_wconf 88' lang='lat' dir='ltr'>Statuto</span> <span class='ocrx_word' id='word_1_70' title='bbox 751 898 993 948; x_wconf 90' lang='lat' dir='ltr'>Ludovici</span> <span class='ocrx_word' id='word_1_71' title='bbox 1017 898 1157 947; x_wconf 90' lang='lat' dir='ltr'>XIV.</span> <span class='ocrx_word' id='word_1_72' title='bbox 1183 912 1262 945; x_wconf 86' lang='lat' dir='ltr'>an.</span> <span class='ocrx_word' id='word_1_73' title='bbox 1291 897 1438 947; x_wconf 87' lang='grc'><strong>1697.</strong></span> <span class='ocrx_word' id='word_1_74' title='bbox 1461 895 1571 945; x_wconf 86' lang='lat' dir='ltr'>haec</span> 
     </span>
     <span class='ocr_line' id='line_1_12' title="bbox 137 962 1572 1030; baseline -0.005 -12"><span class='ocrx_word' id='word_1_75' title='bbox 137 979 334 1018; x_wconf 89' lang='lat' dir='ltr'>movent</span> <span class='ocrx_word' id='word_1_76' title='bbox 369 978 533 1019; x_wconf 85' lang='lat' dir='ltr'>tamen</span> <span class='ocrx_word' id='word_1_77' title='bbox 567 968 826 1030; x_wconf 87' lang='lat' dir='ltr'>aliquando</span> <span class='ocrx_word' id='word_1_78' title='bbox 874 966 1081 1016; x_wconf 88' lang='lat' dir='ltr'>Judices</span> <span class='ocrx_word' id='word_1_79' title='bbox 1116 965 1179 1014; x_wconf 90' lang='lat' dir='ltr'>ad</span> <span class='ocrx_word' id='word_1_80' title='bbox 1226 962 1572 1029; x_wconf 84' lang='lat' dir='ltr'>assignandam</span> 
     </span>
     <span class='ocr_line' id='line_1_13' title="bbox 136 1035 854 1100; baseline -0.001 -16"><span class='ocrx_word' id='word_1_81' title='bbox 136 1037 263 1100; x_wconf 90' lang='lat' dir='ltr'>proli</span> <span class='ocrx_word' id='word_1_82' title='bbox 287 1045 526 1099; x_wconf 87' lang='lat' dir='ltr'>susceptae</span> <span class='ocrx_word' id='word_1_83' title='bbox 555 1035 854 1099; x_wconf 86' lang='lat' dir='ltr'>pensionem.</span> 
     </span>
    </p>

    <p class='ocr_par' dir='ltr' id='par_1_4' title="bbox 140 1099 1577 1288">
     <span class='ocr_line' id='line_1_14' title="bbox 209 1099 1576 1167; baseline -0.002 -16"><span class='ocrx_word' id='word_1_84' title='bbox 209 1107 289 1151; x_wconf 81' lang='lat'>80·</span> <span class='ocrx_word' id='word_1_85' title='bbox 328 1104 453 1152; x_wconf 89' lang='lat' dir='ltr'>Cum</span> <span class='ocrx_word' id='word_1_86' title='bbox 488 1103 752 1167; x_wconf 86' lang='lat' dir='ltr'>probabilis</span> <span class='ocrx_word' id='word_1_87' title='bbox 811 1100 1024 1167; x_wconf 90' lang='lat' dir='ltr'>suspicio</span> <span class='ocrx_word' id='word_1_88' title='bbox 1084 1109 1159 1150; x_wconf 90' lang='lat' dir='ltr'>est</span> <span class='ocrx_word' id='word_1_89' title='bbox 1210 1099 1576 1150; x_wconf 83' lang='lat' dir='ltr'>matrimonium</span> 
     </span>
     <span class='ocr_line' id='line_1_15' title="bbox 140 1162 1577 1234; baseline -0.002 -15"><span class='ocrx_word' id='word_1_90' title='bbox 140 1162 380 1219; x_wconf 75' lang='lat' dir='ltr'>malitiose</span> <span class='ocrx_word' id='word_1_91' title='bbox 415 1171 705 1234; x_wconf 85' lang='lat' dir='ltr'>impeditum</span> <span class='ocrx_word' id='word_1_92' title='bbox 756 1170 830 1219; x_wconf 89' lang='lat' dir='ltr'>iri.</span> <span class='ocrx_word' id='word_1_93' title='bbox 925 1170 1134 1219; x_wconf 85' lang='lat' dir='ltr'>Causam</span> <span class='ocrx_word' id='word_1_94' title='bbox 1170 1168 1298 1217; x_wconf 88' lang='lat' dir='ltr'>hanc</span> <span class='ocrx_word' id='word_1_95' title='bbox 1344 1177 1577 1218; x_wconf 86' lang='lat' dir='ltr'>recenset</span> 
     </span>
     <span class='ocr_line' id='line_1_16' title="bbox 141 1238 1027 1288; baseline -0.003 0"><span class='ocrx_word' id='word_1_96' title='bbox 141 1239 414 1288; x_wconf 90' lang='lat' dir='ltr'>Concilium</span> <span class='ocrx_word' id='word_1_97' title='bbox 441 1238 799 1287; x_wconf 87' lang='lat' dir='ltr'>Tridentinum.</span> <span class='ocrx_word' id='word_1_98' title='bbox 990 1242 1027 1284; x_wconf 49' lang='grc' dir='ltr'>»ὃ</span> 
     </span>
    </p>

    <p class='ocr_par' dir='ltr' id='par_1_5' title="bbox 140 1304 1577 1639">
     <span class='ocr_line' id='line_1_17' title="bbox 211 1304 1575 1368; baseline -0.003 -13"><span class='ocrx_word' id='word_1_99' title='bbox 211 1310 291 1355; x_wconf 88' lang='lat'>9⁰·</span> <span class='ocrx_word' id='word_1_100' title='bbox 328 1306 378 1354; x_wconf 91' lang='lat' dir='ltr'>Si</span> <span class='ocrx_word' id='word_1_101' title='bbox 404 1304 605 1354; x_wconf 89' lang='lat' dir='ltr'>timendi</span> <span class='ocrx_word' id='word_1_102' title='bbox 630 1307 769 1355; x_wconf 92' lang='lat' dir='ltr'>locus</span> <span class='ocrx_word' id='word_1_103' title='bbox 794 1314 868 1355; x_wconf 90' lang='lat' dir='ltr'>est</span> <span class='ocrx_word' id='word_1_104' title='bbox 910 1322 971 1353; x_wconf 93' lang='lat' dir='ltr'>ne</span> <span class='ocrx_word' id='word_1_105' title='bbox 997 1322 1085 1368; x_wconf 90' lang='lat' dir='ltr'>per</span> <span class='ocrx_word' id='word_1_106' title='bbox 1110 1314 1303 1368; x_wconf 89' lang='lat' dir='ltr'>tempus</span> <span class='ocrx_word' id='word_1_107' title='bbox 1330 1320 1431 1368; x_wconf 91' lang='lat' dir='ltr'>quo</span> <span class='ocrx_word' id='word_1_108' title='bbox 1454 1304 1575 1352; x_wconf 84' lang='lat' dir='ltr'>ban-</span> 
     </span>
     <span class='ocr_line' id='line_1_18' title="bbox 140 1371 1577 1436; baseline -0.003 -15"><span class='ocrx_word' id='word_1_109' title='bbox 140 1390 313 1421; x_wconf 87' lang='lat' dir='ltr'>norum</span> <span class='ocrx_word' id='word_1_110' title='bbox 351 1373 657 1422; x_wconf 83' lang='lat' dir='ltr'>denuntiatio</span> <span class='ocrx_word' id='word_1_111' title='bbox 692 1373 793 1430; x_wconf 90' lang='lat' dir='ltr'>fiet,</span> <span class='ocrx_word' id='word_1_112' title='bbox 829 1389 1037 1436; x_wconf 89' lang='lat' dir='ltr'>sponsus</span> <span class='ocrx_word' id='word_1_113' title='bbox 1075 1382 1324 1420; x_wconf 86' lang='lat' dir='ltr'>avertatur</span> <span class='ocrx_word' id='word_1_114' title='bbox 1348 1388 1377 1420; x_wconf 91' lang='lat' dir='ltr'>a</span> <span class='ocrx_word' id='word_1_115' title='bbox 1409 1371 1577 1419; x_wconf 85' lang='lat' dir='ltr'>matri·</span> 
     </span>
     <span class='ocr_line' id='line_1_19' title="bbox 143 1439 1577 1504; baseline 0 -16"><span class='ocrx_word' id='word_1_116' title='bbox 143 1441 323 1498; x_wconf 89' lang='lat' dir='ltr'>monio,</span> <span class='ocrx_word' id='word_1_117' title='bbox 362 1442 496 1504; x_wconf 90' lang='lat' dir='ltr'>quod</span> <span class='ocrx_word' id='word_1_118' title='bbox 540 1451 704 1490; x_wconf 86' lang='lat' dir='ltr'>tamen</span> <span class='ocrx_word' id='word_1_119' title='bbox 761 1440 983 1489; x_wconf 87' lang='lat' dir='ltr'>contrahi</span> <span class='ocrx_word' id='word_1_120' title='bbox 1036 1441 1287 1504; x_wconf 88' lang='lat' dir='ltr'>postulant</span> <span class='ocrx_word' id='word_1_121' title='bbox 1332 1439 1577 1503; x_wconf 85' lang='lat' dir='ltr'>spiritales</span> 
     </span>
     <span class='ocr_line' id='line_1_20' title="bbox 148 1506 1577 1572; baseline -0.001 -16"><span class='ocrx_word' id='word_1_122' title='bbox 148 1509 505 1572; x_wconf 86' lang='lat' dir='ltr'>temporalesve</span> <span class='ocrx_word' id='word_1_123' title='bbox 523 1509 733 1572; x_wconf 89' lang='lat' dir='ltr'>partium</span> <span class='ocrx_word' id='word_1_124' title='bbox 758 1508 1009 1565; x_wconf 85' lang='lat' dir='ltr'>utilitates,</span> <span class='ocrx_word' id='word_1_125' title='bbox 1034 1525 1078 1555; x_wconf 92' lang='lat' dir='ltr'>v.</span> <span class='ocrx_word' id='word_1_126' title='bbox 1102 1525 1152 1572; x_wconf 90' lang='lat' dir='ltr'>g.</span> <span class='ocrx_word' id='word_1_127' title='bbox 1176 1509 1237 1555; x_wconf 89' lang='lat' dir='ltr'>ab</span> <span class='ocrx_word' id='word_1_128' title='bbox 1262 1522 1322 1555; x_wconf 89' lang='lat' dir='ltr'>ea</span> <span class='ocrx_word' id='word_1_129' title='bbox 1345 1506 1577 1555; x_wconf 84' lang='lat' dir='ltr'>ducenda</span> 
     </span>
     <span class='ocr_line' id='line_1_21' title="bbox 145 1575 1553 1639; baseline -0.001 -16"><span class='ocrx_word' id='word_1_130' title='bbox 145 1592 290 1639; x_wconf 84' lang='lat' dir='ltr'>quam</span> <span class='ocrx_word' id='word_1_131' title='bbox 315 1576 571 1624; x_wconf 85' lang='lat' dir='ltr'>defloravit</span> <span class='ocrx_word' id='word_1_132' title='bbox 596 1584 679 1623; x_wconf 89' lang='lat' dir='ltr'>aut</span> <span class='ocrx_word' id='word_1_133' title='bbox 702 1575 968 1623; x_wconf 86' lang='lat' dir='ltr'>infamavit.</span> <span class='ocrx_word' id='word_1_134' title='bbox 1551 1601 1553 1605; x_wconf 56' lang='lat'>&lt;</span> 
     </span>
    </p>

    <p class='ocr_par' dir='ltr' id='par_1_6' title="bbox 145 1641 1581 1909">
     <span class='ocr_line' id='line_1_22' title="bbox 221 1641 1580 1705; baseline -0.001 -15"><span class='ocrx_word' id='word_1_135' title='bbox 221 1646 328 1691; x_wconf 77' lang='lat'>100·</span> <span class='ocrx_word' id='word_1_136' title='bbox 368 1645 492 1692; x_wconf 89' lang='lat' dir='ltr'>Cum</span> <span class='ocrx_word' id='word_1_137' title='bbox 528 1643 799 1690; x_wconf 89' lang='lat' dir='ltr'>timendum</span> <span class='ocrx_word' id='word_1_138' title='bbox 836 1651 911 1689; x_wconf 91' lang='lat' dir='ltr'>est</span> <span class='ocrx_word' id='word_1_139' title='bbox 944 1657 1006 1689; x_wconf 91' lang='lat' dir='ltr'>ne</span> <span class='ocrx_word' id='word_1_140' title='bbox 1046 1641 1392 1689; x_wconf 86' lang='lat' dir='ltr'>contrahentes</span> <span class='ocrx_word' id='word_1_141' title='bbox 1429 1657 1580 1705; x_wconf 74' lang='lat' dir='ltr'>prop-</span> 
     </span>
     <span class='ocr_line' id='line_1_23' title="bbox 145 1708 1578 1767; baseline -0.002 -8"><span class='ocrx_word' id='word_1_142' title='bbox 145 1722 219 1760; x_wconf 78' lang='lat' dir='ltr'>tei</span> <span class='ocrx_word' id='word_1_143' title='bbox 244 1726 491 1759; x_wconf 89' lang='lat' dir='ltr'>enormem</span> <span class='ocrx_word' id='word_1_144' title='bbox 537 1709 708 1767; x_wconf 74' lang='lat' dir='ltr'>aetatis,</span> <span class='ocrx_word' id='word_1_145' title='bbox 744 1710 972 1767; x_wconf 81' lang='lat' dir='ltr'>fortunae,</span> <span class='ocrx_word' id='word_1_146' title='bbox 1010 1719 1095 1757; x_wconf 87' lang='lat' dir='ltr'>aut</span> <span class='ocrx_word' id='word_1_147' title='bbox 1133 1708 1426 1757; x_wconf 87' lang='lat' dir='ltr'>conditionis</span> <span class='ocrx_word' id='word_1_148' title='bbox 1465 1708 1578 1756; x_wconf 83' lang='lat' dir='ltr'>inae-</span> 
     </span>
     <span class='ocr_line' id='line_1_24' title="bbox 146 1769 1581 1842; baseline -0.002 -17"><span class='ocrx_word' id='word_1_149' title='bbox 146 1777 429 1842; x_wconf 82' lang='lat' dir='ltr'>qualitatem</span> <span class='ocrx_word' id='word_1_150' title='bbox 480 1794 545 1826; x_wconf 88' lang='lat' dir='ltr'>ex</span> <span class='ocrx_word' id='word_1_151' title='bbox 604 1778 874 1825; x_wconf 86' lang='lat' dir='ltr'>bannorum</span> <span class='ocrx_word' id='word_1_152' title='bbox 935 1777 1307 1825; x_wconf 86' lang='lat' dir='ltr'>denuntiatione</span> <span class='ocrx_word' id='word_1_153' title='bbox 1365 1769 1581 1825; x_wconf 86' lang='lat' dir='ltr'>ludibrio</span> 
     </span>
     <span class='ocr_line' id='line_1_25' title="bbox 146 1843 1156 1909; baseline -0.005 -15"><span class='ocrx_word' id='word_1_154' title='bbox 146 1844 454 1909; x_wconf 89' lang='lat' dir='ltr'>objiciantur,</span> <span class='ocrx_word' id='word_1_155' title='bbox 493 1844 777 1908; x_wconf 88' lang='lat' dir='ltr'>pudoreque</span> <span class='ocrx_word' id='word_1_156' title='bbox 801 1843 1156 1892; x_wconf 83' lang='lat' dir='ltr'>suffundantur.</span> 
     </span>
    </p>

    <p class='ocr_par' dir='ltr' id='par_1_7' title="bbox 144 1909 1580 2109">
     <span class='ocr_line' id='line_1_26' title="bbox 220 1909 1580 1974; baseline -0.001 -14"><span class='ocrx_word' id='word_1_157' title='bbox 220 1915 328 1960; x_wconf 89' lang='lat'>110·</span> <span class='ocrx_word' id='word_1_158' title='bbox 366 1913 490 1960; x_wconf 88' lang='lat' dir='ltr'>Cum</span> <span class='ocrx_word' id='word_1_159' title='bbox 516 1911 730 1973; x_wconf 87' lang='lat' dir='ltr'>graviter</span> <span class='ocrx_word' id='word_1_160' title='bbox 756 1921 915 1974; x_wconf 86' lang='lat' dir='ltr'>urget,</span> <span class='ocrx_word' id='word_1_161' title='bbox 942 1927 1035 1959; x_wconf 86' lang='lat' dir='ltr'>nec</span> <span class='ocrx_word' id='word_1_162' title='bbox 1060 1910 1165 1958; x_wconf 88' lang='lat' dir='ltr'>sine</span> <span class='ocrx_word' id='word_1_163' title='bbox 1191 1926 1368 1974; x_wconf 82' lang='lat' dir='ltr'>magno</span> <span class='ocrx_word' id='word_1_164' title='bbox 1392 1909 1580 1959; x_wconf 88' lang='lat' dir='ltr'>incom-</span> 
     </span>
     <span class='ocr_line' id='line_1_27' title="bbox 144 1977 1578 2042; baseline -0.001 -15"><span class='ocrx_word' id='word_1_165' title='bbox 144 1980 293 2027; x_wconf 87' lang='lat' dir='ltr'>modo</span> <span class='ocrx_word' id='word_1_166' title='bbox 318 1978 498 2026; x_wconf 85' lang='lat' dir='ltr'>differri</span> <span class='ocrx_word' id='word_1_167' title='bbox 538 1987 702 2041; x_wconf 89' lang='lat' dir='ltr'>potest</span> <span class='ocrx_word' id='word_1_168' title='bbox 743 1979 837 2027; x_wconf 90' lang='lat' dir='ltr'>iter</span> <span class='ocrx_word' id='word_1_169' title='bbox 876 1977 1041 2042; x_wconf 89' lang='lat' dir='ltr'>sponsi</span> <span class='ocrx_word' id='word_1_170' title='bbox 1083 1988 1168 2029; x_wconf 90' lang='lat' dir='ltr'>aut</span> <span class='ocrx_word' id='word_1_171' title='bbox 1209 1978 1434 2042; x_wconf 86' lang='lat' dir='ltr'>proxime</span> <span class='ocrx_word' id='word_1_172' title='bbox 1460 1993 1578 2026; x_wconf 87' lang='lat' dir='ltr'>con—</span> 
     </span>
     <span class='ocr_line' id='line_1_28' title="bbox 145 2045 1565 2109; baseline 0.001 -15"><span class='ocrx_word' id='word_1_173' title='bbox 145 2045 416 2108; x_wconf 84' lang='lat' dir='ltr'>sanguinei,</span> <span class='ocrx_word' id='word_1_174' title='bbox 441 2062 488 2092; x_wconf 88' lang='lat' dir='ltr'>v.</span> <span class='ocrx_word' id='word_1_175' title='bbox 517 2062 563 2109; x_wconf 87' lang='lat' dir='ltr'>g.</span> <span class='ocrx_word' id='word_1_176' title='bbox 593 2045 760 2108; x_wconf 87' lang='lat' dir='ltr'>patris.</span> <span class='ocrx_word' id='word_1_177' title='bbox 1389 2072 1391 2074; x_wconf 91' lang='lat'>·</span> <span class='ocrx_word' id='word_1_178' title='bbox 1562 2070 1565 2072; x_wconf 93' lang='lat'>·</span> 
     </span>
    </p>

    <p class='ocr_par' dir='ltr' id='par_1_8' title="bbox 146 2112 1582 2644">
     <span class='ocr_line' id='line_1_29' title="bbox 221 2112 1575 2177; baseline 0.002 -18"><span class='ocrx_word' id='word_1_179' title='bbox 221 2114 333 2159; x_wconf 62' lang='lat'>120·</span> <span class='ocrx_word' id='word_1_180' title='bbox 387 2113 512 2161; x_wconf 89' lang='lat' dir='ltr'>Cum</span> <span class='ocrx_word' id='word_1_181' title='bbox 571 2113 719 2160; x_wconf 89' lang='lat' dir='ltr'>instat</span> <span class='ocrx_word' id='word_1_182' title='bbox 778 2122 970 2177; x_wconf 88' lang='lat' dir='ltr'>tempus</span> <span class='ocrx_word' id='word_1_183' title='bbox 1023 2112 1246 2170; x_wconf 89' lang='lat' dir='ltr'>vetitum,</span> <span class='ocrx_word' id='word_1_184' title='bbox 1314 2112 1575 2162; x_wconf 85' lang='lat' dir='ltr'>Adventus</span> 
     </span>
     <span class='ocr_line' id='line_1_30' title="bbox 148 2179 1578 2257; baseline 0.001 -29"><span class='ocrx_word' id='word_1_185' title='bbox 148 2180 337 2228; x_wconf 86' lang='lat' dir='ltr'>scilicet</span> <span class='ocrx_word' id='word_1_186' title='bbox 374 2190 424 2227; x_wconf 90' lang='lat' dir='ltr'>et</span> <span class='ocrx_word' id='word_1_187' title='bbox 464 2179 875 2257; x_wconf 80' lang='lat' dir='ltr'>Quadragesimae.</span> <span class='ocrx_word' id='word_1_188' title='bbox 950 2181 1168 2229; x_wconf 88' lang='lat' dir='ltr'>Causam</span> <span class='ocrx_word' id='word_1_189' title='bbox 1199 2180 1328 2228; x_wconf 88' lang='lat' dir='ltr'>hanc</span> <span class='ocrx_word' id='word_1_190' title='bbox 1369 2197 1466 2228; x_wconf 91' lang='lat' dir='ltr'>non</span> <span class='ocrx_word' id='word_1_191' title='bbox 1502 2197 1578 2229; x_wconf 89' lang='lat' dir='ltr'>re-</span> 
     </span>
     <span class='ocr_line' id='line_1_31' title="bbox 149 2246 1577 2311; baseline 0 -16"><span class='ocrx_word' id='word_1_192' title='bbox 149 2249 323 2311; x_wconf 87' lang='lat' dir='ltr'>probat</span> <span class='ocrx_word' id='word_1_193' title='bbox 352 2247 401 2294; x_wconf 89' lang='lat' dir='ltr'>S.</span> <span class='ocrx_word' id='word_1_194' title='bbox 429 2247 632 2294; x_wconf 86' lang='lat' dir='ltr'>Carolus</span> <span class='ocrx_word' id='word_1_195' title='bbox 673 2248 721 2293; x_wconf 90' lang='lat' dir='ltr'>in</span> <span class='ocrx_word' id='word_1_196' title='bbox 762 2246 985 2295; x_wconf 84' lang='lat' dir='ltr'>Concilio</span> <span class='ocrx_word' id='word_1_197' title='bbox 1033 2248 1242 2297; x_wconf 72' lang='lat' dir='ltr'>Medio).</span> <span class='ocrx_word' id='word_1_198' title='bbox 1280 2248 1440 2296; x_wconf 86' lang='lat' dir='ltr'>5.sed</span> <span class='ocrx_word' id='word_1_199' title='bbox 1466 2264 1577 2297; x_wconf 83' lang='lat' dir='ltr'>eam</span> 
     </span>
     <span class='ocr_line' id='line_1_32' title="bbox 148 2313 1581 2392; baseline 0.001 -29"><span class='ocrx_word' id='word_1_200' title='bbox 148 2326 201 2363; x_wconf 87' lang='lat' dir='ltr'>ut</span> <span class='ocrx_word' id='word_1_201' title='bbox 226 2313 490 2377; x_wconf 86' lang='lat' dir='ltr'>legitimam</span> <span class='ocrx_word' id='word_1_202' title='bbox 516 2313 667 2363; x_wconf 89' lang='lat' dir='ltr'>habet</span> <span class='ocrx_word' id='word_1_203' title='bbox 689 2331 828 2363; x_wconf 88' lang='lat' dir='ltr'>sacra</span> <span class='ocrx_word' id='word_1_204' title='bbox 855 2315 1204 2392; x_wconf 80' lang='lat' dir='ltr'>Congregatio,</span> <span class='ocrx_word' id='word_1_205' title='bbox 1247 2325 1373 2364; x_wconf 88' lang='lat' dir='ltr'>teste</span> <span class='ocrx_word' id='word_1_206' title='bbox 1400 2316 1438 2363; x_wconf 87' lang='lat'><em>7</em></span> <span class='ocrx_word' id='word_1_207' title='bbox 1444 2317 1581 2364; x_wconf 86' lang='lat' dir='ltr'>erola</span> 
     </span>
     <span class='ocr_line' id='line_1_33' title="bbox 146 2380 1582 2447; baseline 0.001 -18"><span class='ocrx_word' id='word_1_208' title='bbox 146 2382 195 2429; x_wconf 86' lang='lat' dir='ltr'>in</span> <span class='ocrx_word' id='word_1_209' title='bbox 221 2380 359 2445; x_wconf 87' lang='lat' dir='ltr'>praxi</span> <span class='ocrx_word' id='word_1_210' title='bbox 386 2380 665 2445; x_wconf 88' lang='lat' dir='ltr'>episcopali.</span> <span class='ocrx_word' id='word_1_211' title='bbox 736 2383 860 2430; x_wconf 85' lang='lat' dir='ltr'>Eam</span> <span class='ocrx_word' id='word_1_212' title='bbox 884 2383 1067 2445; x_wconf 85' lang='lat' dir='ltr'>pariter</span> <span class='ocrx_word' id='word_1_213' title='bbox 1098 2384 1339 2447; x_wconf 84' lang='lat' dir='ltr'>approbat</span> <span class='ocrx_word' id='word_1_214' title='bbox 1372 2383 1582 2447; x_wconf 85' lang='lat' dir='ltr'>Episco-</span> 
     </span>
     <span class='ocr_line' id='line_1_34' title="bbox 147 2449 1578 2513; baseline 0.001 -17"><span class='ocrx_word' id='word_1_215' title='bbox 147 2465 239 2513; x_wconf 84' lang='lat' dir='ltr'>pus</span> <span class='ocrx_word' id='word_1_216' title='bbox 282 2449 577 2507; x_wconf 86' lang='lat' dir='ltr'>Tutelensis,</span> <span class='ocrx_word' id='word_1_217' title='bbox 637 2450 725 2497; x_wconf 87' lang='lat' dir='ltr'>sed</span> <span class='ocrx_word' id='word_1_218' title='bbox 761 2451 823 2497; x_wconf 88' lang='lat' dir='ltr'>ad</span> <span class='ocrx_word' id='word_1_219' title='bbox 864 2449 1046 2513; x_wconf 84' lang='lat' dir='ltr'>gemini</span> <span class='ocrx_word' id='word_1_220' title='bbox 1083 2460 1272 2498; x_wconf 87' lang='lat' dir='ltr'>tanturn</span> <span class='ocrx_word' id='word_1_221' title='bbox 1307 2451 1454 2497; x_wconf 86' lang='lat' dir='ltr'>banni</span> <span class='ocrx_word' id='word_1_222' title='bbox 1492 2451 1578 2498; x_wconf 88' lang='lat' dir='ltr'>de-</span> 
     </span>
     <span class='ocr_line' id='line_1_35' title="bbox 153 2514 1578 2581; baseline 0.002 -20"><span class='ocrx_word' id='word_1_223' title='bbox 153 2514 520 2562; x_wconf 85' lang='lat' dir='ltr'>nuntiationem.</span> <span class='ocrx_word' id='word_1_224' title='bbox 610 2518 780 2580; x_wconf 88' lang='lat' dir='ltr'>Atque</span> <span class='ocrx_word' id='word_1_225' title='bbox 804 2518 909 2565; x_wconf 83' lang='lat' dir='ltr'>haeo</span> <span class='ocrx_word' id='word_1_226' title='bbox 932 2518 1171 2580; x_wconf 85' lang='lat' dir='ltr'>posterior</span> <span class='ocrx_word' id='word_1_227' title='bbox 1196 2517 1361 2581; x_wconf 78' lang='lat' dir='ltr'>opinio</span> <span class='ocrx_word' id='word_1_228' title='bbox 1384 2518 1578 2566; x_wconf 80' lang='lat' dir='ltr'>videtur</span> 
     </span>
     <span class='ocr_line' id='line_1_36' title="bbox 151 2581 1557 2644; baseline 0.004 -16"><span class='ocrx_word' id='word_1_229' title='bbox 151 2582 198 2629; x_wconf 91' lang='lat' dir='ltr'>in</span> <span class='ocrx_word' id='word_1_230' title='bbox 224 2581 364 2644; x_wconf 87' lang='lat' dir='ltr'>praxi</span> <span class='ocrx_word' id='word_1_231' title='bbox 389 2582 614 2631; x_wconf 86' lang='lat' dir='ltr'>tenenda.</span> <span class='ocrx_word' id='word_1_232' title='bbox 1553 2612 1557 2615; x_wconf 95' lang='lat'><em>·</em></span> 
     </span>
    </p>

    <p class='ocr_par' dir='ltr' id='par_1_9' title="bbox 153 2649 1579 2850">
     <span class='ocr_line' id='line_1_37' title="bbox 224 2649 1578 2729; baseline 0.003 -32"><span class='ocrx_word' id='word_1_233' title='bbox 224 2649 337 2697; x_wconf 91' lang='lat' dir='ltr'>Uno</span> <span class='ocrx_word' id='word_1_234' title='bbox 360 2649 524 2706; x_wconf 88' lang='lat' dir='ltr'>verbo,</span> <span class='ocrx_word' id='word_1_235' title='bbox 563 2665 711 2699; x_wconf 85' lang='lat' dir='ltr'>causa</span> <span class='ocrx_word' id='word_1_236' title='bbox 735 2662 808 2706; x_wconf 79' lang='lat' dir='ltr'>est</span> <span class='ocrx_word' id='word_1_237' title='bbox 832 2651 1143 2715; x_wconf 83' lang='lat' dir='ltr'>dispensandi</span> <span class='ocrx_word' id='word_1_238' title='bbox 1182 2651 1417 2729; x_wconf 79' lang='lat' dir='ltr'>legitima,</span> <span class='ocrx_word' id='word_1_239' title='bbox 1455 2669 1578 2716; x_wconf 86' lang='lat' dir='ltr'>quo-</span> 
     </span>
     <span class='ocr_line' id='line_1_38' title="bbox 142 2714 1579 2783; baseline 0.002 -20.032"><span class='ocrx_word' id='word_1_240' title='bbox 142 2715 247 2764; x_wconf 88' lang='lat' dir='ltr'>ties</span> <span class='ocrx_word' id='word_1_241' title='bbox 290 2714 507 2764; x_wconf 87' lang='lat' dir='ltr'>imminet</span> <span class='ocrx_word' id='word_1_242' title='bbox 541 2718 813 2781; x_wconf 87' lang='lat' dir='ltr'>periculum</span> <span class='ocrx_word' id='word_1_243' title='bbox 849 2719 1064 2771; x_wconf 77' lang='lat' dir='ltr'>scandali</span> <span class='ocrx_word' id='word_1_244' title='bbox 1097 2720 1173 2768; x_wconf 90' lang='lat' dir='ltr'>vel</span> <span class='ocrx_word' id='word_1_245' title='bbox 1211 2720 1374 2783; x_wconf 87' lang='lat' dir='ltr'>gravis</span> <span class='ocrx_word' id='word_1_246' title='bbox 1416 2719 1579 2769; x_wconf 86' lang='lat' dir='ltr'>damni</span> 
     </span>
     <span class='ocr_line' id='line_1_39' title="bbox 153 2781 1330 2850; baseline 0.006 -22"><span class='ocrx_word' id='word_1_247' title='bbox 153 2783 201 2830; x_wconf 82' lang='lat' dir='ltr'>in</span> <span class='ocrx_word' id='word_1_248' title='bbox 227 2783 366 2830; x_wconf 88' lang='lat' dir='ltr'>bonis</span> <span class='ocrx_word' id='word_1_249' title='bbox 389 2781 611 2843; x_wconf 83' lang='lat' dir='ltr'>fortunae,</span> <span class='ocrx_word' id='word_1_250' title='bbox 637 2786 873 2850; x_wconf 88' lang='lat' dir='ltr'>corporis,</span> <span class='ocrx_word' id='word_1_251' title='bbox 898 2786 1040 2834; x_wconf 86' lang='lat' dir='ltr'>famae</span> <span class='ocrx_word' id='word_1_252' title='bbox 1066 2797 1113 2836; x_wconf 90' lang='lat' dir='ltr'>et</span> <span class='ocrx_word' id='word_1_253' title='bbox 1140 2789 1330 2835; x_wconf 83' lang='lat' dir='ltr'>animae.</span> 
     </span>
    </p>

    <p class='ocr_par' dir='ltr' id='par_1_10' title="bbox 158 2851 1585 2987">
     <span class='ocr_line' id='line_1_40' title="bbox 192 2851 1585 2918; baseline 0.001 -22.05"><span class='ocrx_word' id='word_1_254' title='bbox 192 2851 430 2912; x_wconf 84' lang='lat' dir='ltr'>Insuper</span> <span class='ocrx_word' id='word_1_255' title='bbox 455 2865 483 2897; x_wconf 86' lang='lat' dir='ltr'>a</span> <span class='ocrx_word' id='word_1_256' title='bbox 507 2851 646 2915; x_wconf 88' lang='lat' dir='ltr'>Lege</span> <span class='ocrx_word' id='word_1_257' title='bbox 667 2854 938 2902; x_wconf 85' lang='lat' dir='ltr'>bannorum</span> <span class='ocrx_word' id='word_1_258' title='bbox 983 2854 1325 2917; x_wconf 81' lang='lat' dir='ltr'>dispensantur</span> <span class='ocrx_word' id='word_1_259' title='bbox 1364 2851 1585 2918; x_wconf 75' lang='lat' dir='ltr'>supremi</span> 
     </span>
     <span class='ocr_line' id='line_1_41' title="bbox 158 2916 1579 2987; baseline 0.002 -23"><span class='ocrx_word' id='word_1_260' title='bbox 158 2916 411 2987; x_wconf 72' lang='lat' dir='ltr'>Principes</span> <span class='ocrx_word' id='word_1_261' title='bbox 458 2934 544 2967; x_wconf 87' lang='lat' dir='ltr'>seu</span> <span class='ocrx_word' id='word_1_262' title='bbox 590 2918 767 2983; x_wconf 86' lang='lat' dir='ltr'>potius,</span> <span class='ocrx_word' id='word_1_263' title='bbox 805 2931 860 2969; x_wconf 86' lang='lat' dir='ltr'>ut</span> <span class='ocrx_word' id='word_1_264' title='bbox 895 2931 1040 2970; x_wconf 82' lang='lat' dir='ltr'>antea</span> <span class='ocrx_word' id='word_1_265' title='bbox 1081 2922 1314 2982; x_wconf 82' lang='lat' dir='ltr'>diximus,</span> <span class='ocrx_word' id='word_1_266' title='bbox 1345 2938 1403 2971; x_wconf 87' lang='lat' dir='ltr'>ea</span> <span class='ocrx_word' id='word_1_267' title='bbox 1438 2921 1579 2982; x_wconf 86' lang='lat' dir='ltr'>Lege</span> 
     </span>
    </p>

    <p class='ocr_par' dir='ltr' id='par_1_11' title="bbox 760 2989 1582 3041">
     <span class='ocr_line' id='line_1_42' title="bbox 760 2989 1582 3041; baseline -0.001 -5"><span class='ocrx_word' id='word_1_268' title='bbox 760 2989 800 3036; x_wconf 88' lang='lat' dir='ltr'><strong>B</strong></span> <span class='ocrx_word' id='word_1_269' title='bbox 835 2989 867 3041; x_wconf 81' lang='lat' dir='ltr'><strong>b</strong></span> <span class='ocrx_word' id='word_1_270' title='bbox 906 2992 936 3036; x_wconf 85' lang='lat'><strong>3</strong></span> <span class='ocrx_word' id='word_1_271' title='bbox 1481 3002 1582 3036; x_wconf 83' lang='lat' dir='ltr'>non</span> 
     </span>
    </p>
   </div>
  </div>
 </body>
</html>
