1846 3250
262 173 362 222 418
737 137 1190 219 TRACTATUST

325 304 393 352 R.
434 304 511 350 10·
546 300 769 367 sequelem
805 320 900 352 esse
934 302 1053 353 male
1097 304 1355 353 deductam.
1425 304 1684 357 Ordinarie

255 372 382 421 enim
420 380 702 418 contractus
740 359 891 418 civilis
926 387 1024 417 non
1076 371 1328 434 perficitur
1363 371 1452 419 nisi
1488 373 1684 435 quando

257 440 626 488 Sacramentum
662 437 940 501 accipitur,
979 447 1079 486 tum
1116 439 1229 502 quia
1265 455 1294 487 a
1329 450 1573 503 potestate
1616 440 1684 490 ci-

250 506 349 562 vili,
385 506 426 552 si
474 508 758 567 sejungatur
806 520 836 552 a
892 505 1224 562 Sacramento,
1282 506 1528 563 irritatum
1576 517 1681 556 tum

251 573 367 637 quia
424 573 771 620 contrahentes
830 588 1117 620 consensum
1166 589 1307 619 suum
1377 574 1681 622 solummodo

249 642 442 688 firmum
466 639 570 686 fieri
596 640 782 695 volunt,
826 656 937 687 cum
980 640 1040 687 ab
1087 639 1311 687 Ecclesia
1335 639 1480 688 fuerit
1504 656 1682 705 accep-

249 719 396 757 tatus.
489 708 571 755 Sic
622 722 885 757 consensus
950 706 1011 754 de
1071 707 1225 754 fundo
1266 707 1525 755 vendendo
1594 717 1680 757 aut

249 774 459 824 emendo
484 790 581 822 non
618 774 768 822 habet
808 790 947 821 suum
987 775 1135 821 robur
1173 783 1223 822 et
1247 774 1342 822 vim
1380 784 1678 834 contractus,

247 844 407 891 donec
432 843 492 889 ab
518 842 753 889 alterutro
777 841 925 888 fuerit
949 841 1278 918 subsignatum

383 909 540 957 ·Etsi
595 908 953 957 concederetur
1008 907 1364 956 matrimonium
1397 907 1447 955 in
1488 908 1675 957 ratione

247 987 528 1027 contractus
564 975 697 1039 prius
734 992 842 1024 esse
895 975 1168 1039 perfectum
1222 992 1367 1039 quam
1404 976 1452 1022 in
1489 976 1676 1024 ratione

241 1042 571 1101 Sacramenti,
631 1053 685 1090 ut
720 1043 779 1090 fit
829 1042 956 1091 inter
1008 1043 1238 1091 Infideles
1282 1053 1330 1091 et
1381 1032 1675 1100 Haereticos,

243 1122 293 1161 et
319 1112 422 1160 fieri
448 1120 612 1175 potest
652 1110 701 1156 in
741 1110 861 1158 locis
905 1108 985 1157 ubi
1025 1119 1331 1158 contractum
1367 1109 1505 1158 illum
1529 1127 1559 1159 a
1585 1111 1672 1159 Sa-

241 1182 494 1228 cramento
551 1177 765 1253 separari
821 1176 1118 1239 permittitur
1164 1193 1194 1225 a
1253 1176 1489 1240 Legibus,
1550 1178 1670 1224 nihil

236 1246 355 1295 inde
389 1245 705 1309 consequitur
743 1244 876 1308 quod
913 1244 1135 1306 proficiat
1173 1243 1497 1304 Adversariis‚
1532 1244 1673 1292 nihil-

239 1331 336 1378 que
372 1312 576 1377 impedit
612 1313 869 1375 quominus
919 1312 1001 1359 ille
1055 1321 1337 1360 contractus
1378 1314 1479 1376 jam
1526 1322 1673 1361 antea

237 1381 506 1446 perfectus,
543 1379 816 1428 accedente
861 1378 1137 1427 Sacerdotis
1185 1378 1548 1437 benedictione,
1584 1378 1669 1428 fiat

240 1452 627 1504 Sacramentum,
663 1463 752 1495 seu
793 1446 856 1494 ad
901 1447 1204 1494 Sacramenti
1243 1445 1530 1509 dignitatem
1557 1462 1668 1495 eve-

236 1516 397 1572 hatur,
434 1515 561 1563 sicut
586 1513 827 1563 confessio
853 1514 984 1577 prius
1009 1513 1155 1570 facta,
1195 1514 1234 1561 si
1260 1523 1431 1577 postea
1454 1513 1667 1561 adfuerit

237 1582 484 1639 contritio,
538 1592 589 1630 et
637 1581 878 1629 absolutio
940 1581 1219 1629 Sacerdotis
1282 1580 1562 1638 accesserit,
1608 1581 1664 1628 fit

232 1650 438 1699 materia
464 1648 767 1697 Sacramenti
809 1648 1112 1696 Poenitentiae
1154 1649 1258 1697 sine
1288 1665 1412 1696 nova
1434 1657 1665 1714 peccato-

231 1735 341 1767 rum
368 1716 716 1765 declaratione.

304 1787 548 1835 Caeterum
577 1781 858 1830 existimant
898 1781 1117 1829 nonnulli
1161 1781 1463 1830 Matrimonii
1492 1782 1662 1831 Sacra-

231 1863 452 1902 mentum
476 1867 573 1898 non
599 1865 742 1914 posse
768 1849 886 1905 fieri,
925 1849 1012 1896 nisi
1056 1865 1167 1896 cum
1203 1860 1315 1896 actu
1344 1861 1394 1896 et
1418 1866 1505 1913 per
1539 1866 1663 1913 praee

230 1929 419 1970 sentem
457 1933 748 1967 consensum
783 1917 930 1963 initur
967 1926 1262 1964 contractus.
1350 1918 1533 1965 Verum
1574 1917 1660 1964 ali-

230 1999 306 2040 ter
341 1987 574 2036 sentimus
610 1995 811 2048 propter
846 1983 1082 2031 rationem
1120 2000 1234 2031 mox
1272 1985 1562 2047 expositam,
1609 1993 1660 2032 et

230 2072 291 2105 eo
317 2054 450 2119 quod
474 2054 613 2101 aliter
636 2052 757 2099 fiat
746 2068 793 2098 m
822 2050 1130 2099 Poenitentiae
1157 2052 1489 2099 Sacrmamento

296 2123 445 2172 Dices
470 2123 549 2167 20·
568 2128 731 2169 contra
751 2120 826 2165 20·
845 2119 1219 2183 propositionem.
1256 2118 1482 2175 Quando,
1511 2122 1659 2180 Juxta

227 2207 414 2238 morem
451 2188 499 2235 in
538 2186 790 2235 Ecclesia
790 2196 1072 2248 receptum,
1118 2186 1311 2233 Fideles
1345 2186 1658 2234 rehabilitant

225 2259 353 2306 inter
379 2272 431 2304 se
469 2265 520 2302 et
557 2264 749 2302 secreto
787 2252 1143 2300 matrimonium
1180 2253 1311 2316 quod
1348 2254 1531 2301 nullum
1564 2253 1657 2299 fuit

225 2327 290 2374 ob
325 2322 730 2397 impedimentum
766 2320 1016 2366 occultum
1053 2319 1301 2376 dirimens,
1353 2320 1486 2367 nulla
1520 2320 1655 2368 adhi-

225 2395 371 2442 betur
417 2388 698 2438 benedictio
750 2385 1098 2434 sacerdotalis:
1149 2386 1280 2448 atqui
1335 2397 1497 2435 tamen
1535 2398 1652 2435 tunc

222 2460 438 2510 validum
464 2467 542 2505 est
565 2457 953 2507 Sacramentum,
978 2469 1093 2516 ergo
1123 2453 1402 2501 benedictio
1426 2454 1653 2502 sacerdo-

225 2528 335 2576 talis
388 2542 485 2573 non
535 2535 609 2573 est
666 2520 968 2571 Sacramenti
1019 2520 1322 2569 Matrimonii
1355 2521 1512 2570 forma
1557 2537 1651 2570 nec

222 2611 335 2663 pars
371 2591 657 2641 essentialis.

291 2661 358 2708 R.
411 2663 484 2706 10·
536 2672 753 2707 asserere
810 2655 1069 2704 nonnullos
1127 2663 1246 2704 tunc
1293 2640 1648 2715 matrimonium

221 2728 409 2777 nullum
435 2741 542 2774 esse
567 2725 615 2771 in
640 2725 827 2771 ratione
854 2724 1169 2771 Sacramenti.

291 2797 355 2844 R.
389 2794 465 2841 2⁰·
500 2793 609 2840 dist.
646 2790 875 2840 Validum
924 2800 999 2838 est
1050 2790 1419 2840 Sacramentum
1467 2773 1646 2838 virtute

220 2859 577 2912 benedictionis
634 2856 975 2923 praecedentis,
1035 2873 1160 2920 quae,
1182 2859 1394 2907 sublato
1442 2857 1645 2921 impedi-

218 2940 403 2990 mento,
427 2928 523 2977 Vim
560 2942 696 2981 suam
733 2935 908 2985 exerit,
944 2941 1068 2974 00720-
1102 2940 1261 2987 ΒΕΟΠΒ,
1303 2944 1407 2992 neg.
1470 2924 1644 2987 Itaque

1406 2990 1647 3041 revivisclt
