1846 3250
561 169 667 220 DE
703 166 1201 218 MATRLMONIO.
1496 146 1609 213 491⁷

495 369 732 436 Obligatio
758 369 913 434 prolis
947 369 1266 436 suscipiendae.

166 537 170 540 -
231 497 396 552 Antea
421 504 782 553 observavimus
823 503 1033 554 filiorum
1071 501 1461 568 procreationem
1499 499 1595 565 pri-—

163 586 293 618 mum
332 587 439 620 esse
476 572 770 621 matrimonii
820 572 983 620 finem.
1074 573 1239 619 Multa
1280 570 1331 618 in
1369 568 1598 634 praesenti

162 639 721 688 tractandaoccurrunt
757 656 866 701 quae
921 639 1103 687 utinam
1157 637 1356 686 silentio.
1397 646 1599 701 praetero.

162 705 356 753 mittere
405 722 673 770 possemus.
745 707 988 759 Quoniam
1026 723 1142 754 vero
1185 705 1597 754 conscientiarum

166 772 566 824 Moderatoribus
590 774 716 821 scitu
742 773 1019 823 necessaria
1042 784 1172 829 sunt,
1215 789 1281 821 ne>
1304 771 1598 821 officiarios-

163 850 241 886 tro
266 840 439 889 deesse
464 841 732 898 videamur,
763 844 872 889 ⁴rem
905 841 1180 889 summatim
1206 839 1520 904 attingemus,
1547 850 1598 887 et

164 922 223 954 ea
248 908 489 957 duntaxat
533 908 885 972 explicabimus
927 925 1037 972 quae
1064 907 1398 956 Confessarios
1422 906 1597 955 anxios

162 989 222 1021 ac
247 991 507 1051 suspensos
533 987 702 1024 tenere
726 976 902 1032 solent,
941 975 1125 1023 omissis
1167 986 1240 1023 tot
1266 975 1510 1033 obscoenis
1534 991 1596 1023 ac

159 1042 403 1100 spurcitiis
428 1043 600 1102 quibus
627 1043 862 1094 Casuistae
898 1043 1117 1088 nonnulli
1155 1042 1337 1105 scripta
1362 1058 1450 1090 sua
1474 1058 1592 1089 con-

161 1105 470 1164 taminarunt,
508 1125 714 1172 quaeque
757 1125 820 1155 ex
864 1109 970 1172 ipso
995 1108 1179 1158 lumine
1206 1109 1412 1158 naturali
1437 1109 1593 1157 horri-

158 1171 274 1220 bilia
299 1173 501 1222 crimina
525 1176 640 1224 satis
666 1176 1019 1240 intelliguntur.

235 1241 430 1299 Quoeres
454 1244 610 1308 itaque
641 1247 716 1290 10·
742 1260 850 1307 quae
892 1243 1196 1308 potissimum
1243 1253 1452 1307 peccata
1474 1259 1592 1292 con,

157 1317 239 1354 tra
256 1307 403 1370 prolis
425 1310 764 1375 suscipiendae
776 1311 958 1360 bonum
982 1327 1013 1360 a
1055 1313 1345 1376 conjugibus
1371 1312 1594 1360 commit-

156 1384 320 1422 tantur
344 1376 367 1421 P

226 1442 289 1490 R.
327 1444 511 1493 Contra
536 1444 683 1508 prolis
706 1445 1032 1510 suscipiendae
1056 1447 1239 1495 bonum
1271 1455 1482 1511 peccant
1512 1449 1592 1493 1⁰

156 1514 392 1573 conjuges
428 1512 515 1574 qui
561 1513 867 1561 matrimonio
922 1524 1136 1574 utentes,
1192 1524 1429 1579 exoptant
1476 1513 1592 1563 inde

155 1578 341 1639 prolem
368 1595 461 1625 nec
488 1580 684 1644 concipi
708 1596 801 1628 nec
826 1581 977 1629 nasci.

158 1673 165 1681 ·
225 1646 309 1691 20·
336 1645 401 1693 Et
428 1647 625 1707 quidem
651 1649 806 1695 multo
831 1649 1043 1711 gravius,
1060 1648 1140 1711 qui
1166 1656 1434 1712 procurant
1449 1649 1592 1695 abor-

154 1719 289 1767 tum;
328 1712 409 1787 qui
444 1712 617 1760 foeturn
655 1714 703 1758 in
740 1725 883 1760 utero
920 1715 1219 1789 extinguunt
1258 1723 1341 1761 aut
1389 1730 1592 1790 plasma-

154 1780 263 1823 ture
288 1778 509 1840 ejiciunt,
546 1780 646 1826 sive
671 1779 732 1826 sit
757 1780 996 1828 animatus
1020 1781 1121 1828 sive
1146 1797 1284 1828 non.
1320 1781 1402 1844 qui
1438 1780 1593 1858 impe-

154 1843 295 1892 diunt
351 1861 413 1893 ne
479 1846 783 1909 concipiatur
825 1847 904 1896 vel
967 1858 1193 1899 nascatur
1261 1848 1441 1912 proles,
1486 1849 1591 1897 sive

152 1911 526 1966 medicamentis
550 1914 651 1962 sive
676 1913 917 1963 alimentis
941 1914 1043 1963 sive
1069 1915 1350 1978 potionibus
1374 1925 1459 1964 aut
1483 1916 1591 1964 aliis

153 1977 240 2025 viis
266 1978 311 2027 id
339 1991 658 2057 assequantur
677 1982 754 2029 vel
779 1982 971 2047 assequi
998 1993 1254 2030 conentur.

180 2048 306 2092 80·
344 2046 460 2100 Qui
465 2048 714 2097 imitantur
739 2049 900 2097 Onam
946 2050 1028 2113 qui
1070 2050 1351 2098 retrahebat
1375 2065 1429 2098 se
1453 2059 1589 2099 ante·

154 2067 501 2176 quamactuin
552 2116 856 2179 conjugalem
912 2127 1314 2174 consummasset,
1352 2127 1402 2165 et
1440 2123 1589 2180 juxta

158 2181 437 2244 Scripturas
460 2199 612 2232 semen
624 2184 873 2248 fundebat
895 2185 945 2232 in
968 2192 1159 2242 terram,
1197 2201 1260 2233 ne
1300 2183 1440 2233 liberi
1481 2200 1592 2233 nasa

149 2258 395 2305 cerentur,
455 2267 600 2313 quem
659 2251 846 2299 idcirco
905 2251 1152 2300 interfecit
1194 2252 1477 2309 Dominus;
1535 2263 1588 2301 et

82 2366 87 2369 ,
148 2314 246 2362 hoc
288 2325 362 2363 est
385 2317 668 2366 voluntariae
708 2318 989 2383 pollutionis
1036 2335 1124 2368 seu
1166 2319 1387 2369 mollitiei
1421 2317 1616 2370 detes-⁷

143 2381 292 2431 tabile
316 2384 495 2434 scelus,
1074 2415 1077 2417 —

215 2454 297 2496 40·
336 2451 467 2504 Qui
458 2467 506 2498 in
534 2451 735 2499 crimina
763 2463 950 2501 naturae
994 2433 1218 2517 opposita
1241 2454 1582 2519 prolabuntur,

149 2525 203 2563 ut
237 2516 276 2564 si
328 2528 545 2566 mutetur
593 2520 826 2568 naturalis
878 2536 991 2569 usus
1046 2520 1274 2578 foeminae,
1323 2531 1377 2570 ut
1423 2521 1581 2585 loqui-

147 2593 227 2630 tur
265 2586 551 2646 Apostolus,
588 2587 720 2651 quod
779 2599 854 2636 est
911 2588 1290 2669 abominandum
1334 2588 1581 2643 Sodomiae

145 2650 347 2698 crimen.

162 2759 165 2761 ,
221 2718 412 2773 Quaeres
459 2720 539 2765 20·
577 2721 786 2774 Quando
835 2738 962 2770 uxor
1024 2723 1233 2772 alterum
1283 2722 1445 2771 Onam
1492 2730 1578 2771 aut

148 2784 449 2832 Sodomitam
498 2788 750 2850 experitur
818 2789 867 2836 in
933 2796 1161 2853 conjuge,
1222 2791 1302 2855 qui
1354 2799 1579 2838 extrema

144 2850 393 2913 ipsamque
441 2864 646 2902 mortem
704 2855 931 2916 minatur,
997 2859 1087 2905 nisi
1141 2858 1440 2923 acquiescat,
1488 2873 1576 2919 po-

144 2927 303 2965 testne
329 2919 531 2980 periculi
558 2922 742 2971 vitandi
783 2939 932 2974 causa
975 2925 1212 2975 nefariam
1259 2925 1390 2975 illam
1417 2924 1576 2974 libidi-

140 3000 253 3032 nem
278 2987 602 3048 permittere?
