1846 3250
233 216 329 263 140
607 263 609 266 ,
739 206 1165 266 TRACTATUS

239 358 447 403 cuntu1·;
524 347 885 412 Acolytorum,‘
918 350 1298 410 Exorcistarum,
1365 352 1652 407 Lecturam,

242 416 581 474 Ostiariorum,
618 428 668 464 et
704 416 753 463 hi
791 418 999 467 minores
1041 419 1308 469 dicuntur.·
1352 421 1461 468 Jam
1500 422 1655 469 multa

242 485 292 530 in
343 484 499 546 prima
536 494 674 547 parte
716 485 778 532 de
829 486 932 533 istis
973 487 1237 535 Ordinibus
1275 486 1407 536 dicta
1443 488 1658 545 fuerunt,

244 551 430 600 scilicet
468 561 697 613 quantum
745 554 1058 616 permittebat
1104 567 1188 603 aut
1236 555 1467 618 exigebat
1513 573 1661 620 argu·

245 619 713 677 mentorumrratio:
765 620 985 669 nimirum
1021 628 1119 684 jam
1166 636 1457 686 perpensum
1503 636 1577 671 est
1629 640 1659 670 a·

244 686 384 735 nobis
432 687 626 750 quinam
674 704 737 735 ex
779 689 980 752 singulis
1021 691 1123 738 istis
1173 690 1437 753 Ordinibus
1488 691 1656 740 Sacra-

244 756 398 817 menti
421 754 656 803 rationem
688 755 916 814 habeant,
953 758 1146 821 quinam
1179 759 1241 806 sit
1265 758 1455 806 illorum
1483 758 1658 806 Minis-

245 835 321 871 ter
368 823 467 871 sive
513 822 781 871 ordinarius
827 824 927 871 sive
975 826 1400 883 extraordinarius,
1437 841 1656 890 quaenam

245 906 469 954 personae
488 889 677 938 illorum
716 892 1131 955 suscipiendorum
1158 893 1253 941 sint
1278 910 1497 958 (πειρᾶσθε,
1534 910 1663 956 quae-

245 975 357 1009 nam
381 969 497 1006 aetas
521 959 582 1007 ad
606 958 714 1006 illos
735 961 1070 1024 suscipiendos
1104 961 1295 1019 idonea,
1333 979 1428 1025 quo
1460 962 1506 1008 in
1549 964 1664 1009 loeo

247 1043 342 1089 quo
376 1037 596 1090 ternpore
628 1027 839 1075 conferri
864 1029 1092 1076 debeant.
1147 1030 1271 1077 Haec
1297 1041 1345 1078 et
1371 1030 1462 1077 alia
1486 1031 1658 1085 multa,

247 1100 470 1160 quaejam
498 1094 763 1157 tetigimus,
798 1111 894 1143 non
919 1096 1267 1144 refricabimus.

253 1181 255 1186 ·
311 1161 552 1216 Quoniam
577 1178 709 1219 vero,
746 1178 807 1210 ne
844 1175 983 1211 extra
1019 1165 1265 1213 materiam
1293 1166 1487 1211 omnino
1512 1179 1659 1225 vaga-

245 1247 425 1286 remur,
462 1240 511 1277 et
536 1246 597 1277 ne
619 1229 752 1277 filum
777 1246 836 1279 ac
860 1231 1033 1279 seriem
1059 1233 1437 1295 propositionum
1464 1233 1656 1279 abrum-

244 1314 487 1363 peremus,
524 1297 731 1361 plurima
772 1298 1162 1362 praetermisimus
1205 1317 1311 1363 quae
1348 1299 1409 1346 ad
1447 1299 1661 1363 singulos

245 1369 364 1415 istos
390 1365 601 1413 Ordines
642 1377 884 1429 spectant,
921 1367 984 1415 de
1025 1367 1079 1413 iis
1116 1384 1245 1415 nunc
1282 1367 1533 1431 speciatim
1567 1366 1662 1413 dis-

247 1434 509 1483 serendum
534 1433 765 1490 occurrit,
803 1445 1057 1498 postquam
1093 1435 1325 1483 nonnulla
1355 1435 1416 1483 de
1442 1435 1667 1482 Tonsura

247 1502 479 1557 clericali,
516 1518 625 1565 quae
659 1501 808 1550 debet
842 1512 958 1551 ante
993 1504 1261 1567 quemlibet
1297 1518 1360 1551 ex
1396 1502 1488 1549 illis
1516 1501 1664 1550 Ordi-

245 1570 388 1617 nibus
407 1568 633 1616 conferri.

318 1637 560 1684 Caeterum
598 1651 658 1684 eo
696 1635 792 1685 loci
830 1653 924 1684 non
974 1637 1190 1686 dicemus
1239 1639 1300 1686 de
1342 1637 1537 1686 Ritibus
1578 1636 1661 1700 qui

246 1705 295 1754 in
317 1703 576 1752 collatione
600 1702 897 1767 singulorum
925 1703 1164 1752 Ordinum
1191 1705 1432 1754 observari
1461 1705 1679 1760 debent,

247 1772 362 1836 quia
399 1770 545 1820 facile
590 1770 712 1819 disci
748 1781 948 1835 possunt
989 1788 1052 1820 ex
1102 1772 1373 1820 Pontificali
1424 1774 1662 1826 Romano,

245 1838 563 1904 mysticaeque
612 1855 781 1888 eorum
826 1839 1204 1904 significationes
1251 1857 1314 1888 ex
1364 1840 1668 1889 Doctoribus

249 1917 491 1957 ascetims.

660 2043 896 2092 CAPUT
931 2044 1241 2094 PRIMUM.

656 2180 736 2227 De
776 2178 824 2226 T
820 2196 990 2226 onsura
1024 2177 1240 2228 clericali.

324 2319 402 2362 10·
441 2314 703 2362 'rossum
731 2312 967 2361 clericalis
1008 2322 1082 2360 est
1118 2311 1404 2360 caeremonia
1442 2326 1577 2369 sacra
1600 2312 1664 2358 ab

254 2382 494 2433 Ecclesia*
520 2381 755 2436 instituta,
808 2396 896 2444 per
936 2396 1076 2442 quam
1120 2379 1419 2428 Christianus
1465 2378 1664 2441 speciali

255 2447 401 2507 modo
426 2451 539 2498 Deo
564 2457 895 2503 consecratur,
930 2460 979 2496 et
1013 2448 1062 2494 in
1087 2448 1232 2497 clero
1267 2446 1575 2495 constituitur
1608 2455 1676 2493 ut.

253 2535 359 2568 sese
378 2518 439 2568 ad
467 2517 677 2565 Ordines
702 2516 941 2579 disponat.

321 2589 402 2633 20.
460 2585 695 2632 Tonsura.
733 2584 1022 2647 appellatur,
1080 2598 1140 2630 eo
1197 2582 1326 2645 quod
1385 2579 1663 2645 recipientis

255 2646 417 2715 eapilli
463 2653 789 2706 tondeantur;
823 2650 1007 2708 scilicet,
1042 2649 1192 2711 inquit
1235 2649 1452 2697 Isidorus
1497 2650 1579 2697 lib.
1616 2651 1663 2695 2.

256 2721 335 2769 off.
371 2727 422 2767 ut
443 2719 527 2767 Ῐιοσ
547 2719 682 2784 signo
722 2718 836 2767 vitia
858 2724 1117 2766 resecentur
1148 2725 1191 2765 et
1213 2717 1477 2765 criminibus
1510 2716 1666 2777 carnis

255 2795 429 2837 uostroe
458 2787 592 2851 quasi
618 2785 821 2834 crinibus
844 2802 1080 2841 exuamur,
1127 2794 1263 2849 atque
1281 2785 1389 2833 inde
1409 2782 1664 2849 exspolian-

257 2866 324 2904 tes
371 2869 469 2910 ²203,
505 2857 650 2917 juxta
701 2842 985 2917 Apostolum,
1046 2860 1237 2900 veterem
1293 2852 1517 2900 hominem
1554 2867 1663 2897 ‘cum

232 2923 433 2977 'actibus
451 2921 575 2976 suis,
609 2928 654 2968 et
692 2920 932 2968 induentes
966 2936 1129 2967 novum
1170 2921 1253 2984 qui
1288 2921 1353 2968 in·
1377 2918 1661 2984 agnitionem

257 2991 357 3040 Dei
378 2994 662 3039 renovatur.‘
711 2986 1104 3053 Supefpelliceus
1134 3004 1217 3052 qui
1255 3002 1405 3038 sacrae
1429 2985 1664 3099 Tlorgspr'qe

1490 3060 1670 3098 uitiatis
