1846 3250
276 172 339 218 36
773 171 1214 222 TRACTATUS.

274 305 513 370 promittit
539 306 805 364 Habertus,
830 323 859 355 e
883 308 1125 358 contrario
1151 310 1299 357 multa
1321 325 1484 358 secum
1511 309 1687 386 impor-

274 385 348 422 tat
384 374 709 423 incommoda.
776 375 870 422 Vel
895 376 1020 424 enim
1065 388 1117 425 ut
1143 377 1397 425 Ordinatio
1445 379 1682 441 quaepiam

276 442 489 490 invalida
522 443 601 501 sit,
637 443 785 491 totius
815 443 1052 492 Ecclesiae
1086 445 1376 508 improbatio
1411 446 1686 510 requiiitur,

275 511 351 558 vel
376 510 580 559 sufficiet
604 506 907 575 particularis
932 513 1169 560 Ecclesiae
1192 513 1442 562 dissensio
1515 514 1564 561 Si
1590 515 1685 577 pri-

272 595 422 636 mum,
476 579 626 643 igitur
672 579 872 643 singulis
921 580 1091 629 diebus
1139 592 1290 630 interi
1295 582 1496 645 ogandae
1544 592 1687 638 erunt

264 647 515 695 Ecclesiae
539 664 721 702 omnes,
762 658 811 696 ut
838 648 1072 697 resciatur
1096 666 1156 697 an
1181 651 1312 699 hunc
1336 653 1411 698 vel
1436 651 1571 698 illum
1599 651 1685 698 Sa-

276 715 526 764 cerdotem
565 717 852 780 approbent.
929 718 985 764 Id
1022 734 1167 780 porro
1213 718 1471 766 ridiculum
1513 729 1586 766 est
1626 735 1685 766 ac

273 795 533 847 perpetuas
580 784 735 848 pariet
772 786 1139 837 controversias.
1210 787 1416 849 Insuper
1462 786 1576 848 quid
1624 787 1685 833 de

273 851 593 899 Ordinatione
617 852 923 903 sentiendum
967 853 1074 910 erit,
1123 853 1163 906 si
1188 855 1428 902 Ecclesiae
1452 870 1562 917 pars
1592 870 1689 901 una

270 919 632 984 improbaverit,
658 921 811 968 altera
835 937 950 967 vero
975 922 1361 985 comprobaverit
1382 923 1404 968 P
1444 923 1491 969 Si
1513 939 1686 970 secun-

269 988 409 1046 dum,
451 991 527 1035 10.
561 989 819 1036 incertum⁴
852 989 943 1039 erit
984 1006 1044 1038 an
1085 991 1255 1038 ‚Graeci
1306 991 1428 1038 ullos
1473 991 1686 1038 habeant

274 1055 586 1133 Sacerdotes,
624 1073 735 1104 cum
764 1056 993 1107 Ecclesia
1023 1059 1173 1105 latina
1197 1059 1322 1116 forte
1348 1075 1513 1106 eorum
1541 1058 1685 1105 Ordi-

270 1124 492 1172 nationes
516 1141 615 1172 non
639 1123 903 1188 approbem
939 1125 1035 1173 imo
1061 1126 1294 1190 disputari
1315 1127 1495 1189 poterit
1520 1126 1580 1174 de
1605 1143 1683 1173 va-

269 1186 459 1241 liditate
481 1193 859 1241 Ordinationum
879 1211 987 1257 quae
1018 1194 1140 1242 fiunt
1164 1195 1293 1258 apud
1319 1195 1534 1250 Latinos,
1574 1211 1684 1241 cum

266 1260 394 1309 forte
436 1261 725 1309 Latinorum
751 1262 1098 1310 Ordinationes
1141 1279 1170 1309 a
1196 1263 1383 1311 Graecis
1408 1262 1682 1326 improben-

266 1338 363 1377 tur.
434 1331 515 1376 20·
553 1329 604 1377 Si
630 1329 808 1393 quisin
832 1330 943 1378 loco
967 1347 1066 1380 suae
1092 1330 1422 1380 Ordinationis
1445 1331 1686 1393 improba-

267 1407 346 1445 tus
371 1396 434 1445 ad
458 1396 601 1445 aliam
627 1397 900 1460 Ecclesiam
941 1398 1176 1461 privatam
1212 1415 1264 1449 se
1303 1397 1562 1449 transferat
1603 1398 1685 1446 ubi

275 1466 591 1530 approbetur,
626 1465 675 1512 in
701 1483 798 1513 uno
842 1467 952 1514 loco
976 1467 1215 1517 Sacerdos
1241 1468 1347 1524 erit,
1383 1467 1432 1513 in
1458 1466 1552 1514 alio
1576 1466 1689 1514 Lai-

259 1547 388 1590 cus,
377 1553 387 1564 ·
424 1534 557 1597 quod
603 1534 866 1583 absurdum
914 1545 990 1584 est
1030 1551 1088 1585 ac
1136 1536 1420 1586 saeculorum
1469 1534 1682 1582 omnium

271 1600 409 1649 Fidei
428 1602 702 1650 adversum.

331 1669 495 1718 Dices.
533 1670 584 1718 S.
609 1670 714 1716 Leo
740 1668 955 1733 Epist-2
961 1670 1061 1720 ad
1089 1669 1348 1718 Rusticum
1392 1670 1682 1717 Narbonen-

265 1752 385 1795 sem,
413 1754 456 1786 c
481 1744 524 1785 1.
566 1737 809 1801 expressis
833 1701 992 1786 verbis
1017 1738 1186 1786 asserit
1213 1738 1581 1786 Ordinationem
1606 1739 1686 1784 fir-

253 1821 393 1853 -mam
433 1805 511 1854 vel
551 1805 788 1853 infirmam
828 1805 934 1853 fieri
970 1824 1026 1855 ex
1061 1807 1425 1856 Praesidentium
1463 1805 1682 1855 Ecclesiae

263 1891 487 1923 consensu
510 1874 582 1923 vel
602 1874 827 1923 dissensu

258 1964 261 1977 2
332 1943 397 1991 R.
458 1942 508 1991 S.
536 1943 755 1990 Leonem
783 1943 877 1990 hoc
904 1958 1051 1990 unum
1089 1916 1214 1990 velle
1242 1941 1589 1994 Ordinationes
1615 1958 1679 1990 ex

257 2026 506 2058 consensu
531 2012 608 2058 vel
643 2011 863 2058 dissensu
891 2010 1256 2059 Praesidentium
1282 2011 1462 2058 validas
1504 2020 1587 2058 aut
1612 2009 1686 2056 in-

262 2077 445 2125 validas
468 2077 590 2135 fieri,
627 2088 861 2141 quantum
887 2078 948 2125 ad
973 2094 1111 2140 usum
1153 2089 1203 2127 et
1238 2078 1544 2137 exercitium,
1583 2094 1680 2135 nun

253 2158 378 2198 Jvero
399 2157 634 2210 quantum
658 2146 720 2196 ad
743 2145 1077 2211 substantiam.

704 2281 1129 2331 PROPOSITIO
1167 2281 1235 2329 ΙΙ.

252 2418 530 2484 -Singularis
571 2417 725 2484 opinio
764 2417 1026 2475 Harduini,
1062 2416 1144 2483 qui
1173 2415 1397 2479 duplicem
1432 2396 1673 2469 materiam

253 2512 260 2517 >
328 2495 374 2533 et
409 2489 655 2550 sormam,
684 2485 827 2534 aliam
877 2503 969 2551 pro
1030 2485 1289 2539 Occidente,
1340 2482 1533 2531 alteram
1582 2502 1673 2549 pro

256 2584 262 2596 ι
335 2554 526 2602 Orzente
549 2554 840 2620 ετοοὲἱιαυὶΐ,
877 2553 1026 2603 omnio
1045 2550 1297 2614 rejicienda
1322 2559 1407 2609 est,

254 2709 258 2718 ·-
327 2688 473 2737 Prob.
514 2690 589 2736 1⁰·
627 2687 753 2742 Quia
776 2687 896 2735 illud
920 2696 1152 2752 systema,
1173 2686 1325 2735 licet
1314 2703 1360 2732 1n
1398 2703 1451 2735 re
1468 2685 1674 2734 ‘maximi

236 2755 492 2803 ·momenti
537 2767 588 2804 et
634 2773 741 2818 quae
775 2755 837 2802 ad
881 2756 1247 2803 Sacramentum
1288 2756 1516 2818 pertinet,
1560 2764 1673 2802 ante

250 2823 569 2872 ⁴Harduinum
610 2840 806 2887 prorsus
842 2823 889 2869 in
936 2822 1161 2870 Ecclesia
1206 2823 1509 2886 incognitum
1552 2821 1675 2877 fuit;

259 2892 424 2941 unde
411 2908 517 2955 ipsa
537 2908 625 2939 sua
642 2892 855 2939 novitate
880 2889 1131 2940 refellitur.

327 2963 408 3007 2⁰·
435 2958 562 3014 Quia
585 2975 692 3007 nec
702 2958 1061 3022 Scripturarum
1086 2974 1178 3006 nec
1223 2958 1311 3007 SS.
1337 2960 1552 3013 Parrum,
1578 2972 1669 3003 nec

1343 3023 1671 3075 Conciliorum
