1846 3250
603 168 698 217 DE
737 167 1026 240 orturus.
1452 174 1513 218 51

105 305 265 354 afferri
311 313 472 370 potest
519 305 796 368 exemplum
846 319 942 367 quo
999 302 1286 351 ostendatur
1332 305 1517 367 aliquos

109 375 393 438 Episcopos‚
431 375 762 437 Praesbyteros
799 383 882 419 aut
910 370 1053 418 etiam
1083 372 1329 420 Diaconos
1355 390 1382 420 a
1407 373 1519 419 sim-

105 443 309 504 plicibus
371 441 717 499 Sacerdotibus
772 439 921 487 fuisse
970 451 1295 487 consecratos.
1367 441 1517 502 Atqui

109 522 283 559 tamen,
320 510 356 557 si
382 510 679 572 simplicibus
708 507 1054 556 Sacerdotibus
1079 508 1285 555 facultas
1314 509 1518 571 Episco-

108 595 194 640 pos
246 578 590 642 l-'raesbyteros‚
628 588 711 625 aut
750 576 997 634 Diaconos
1040 575 1309 630 ordinandi,
1354 587 1519 640 posset

106 647 166 694 ab
206 646 428 693 Ecclesia
470 645 693 699 concedi,
730 643 1009 705 exemplum
1048 644 1244 706 aliquod
1284 646 1518 705 eJusmodi

106 714 343 776 privilegii
380 714 426 761 in
456 712 715 777 Scripturis
754 713 829 759 vel
867 708 1161 758 in'Historia
1187 712 1520 762 ecclesiastica

107 799 365 831 occurrere
391 783 620 837 deberet3
657 798 765 828 cum
795 779 1283 829 Christus-Ecclesiae
1304 798 1407 828 suae
1433 799 1518 844 po-

104 860 332 898 testatem
373 851 579 915 aliquam
628 866 722 896 non
765 848 1016 911 reliquerit
1055 858 1105 895 ut
1142 848 1295 895 otiosa
1331 866 1520 912 perina-

106 931 260 975 neret,
299 935 507 981 cumque
532 919 809 979 frequenter
829 917 1020 964 occasio
1049 932 1132 963 seu
1160 917 1319 979 potius
1346 935 1515 966 neces-

106 988 221 1034 sitas
245 1003 351 1034 sese
377 987 547 1034 offerre
573 984 796 1032 debuerit
831 983 1151 1048 privilegium,
1190 985 1250 1031 de
1293 1002 1388 1049 quo
1415 987 1520 1048 agi-

108 1065 201 1111 tur,
240 1055 534 1117 simplicibus
585 1053 895 1116 Praesbyteris
944 1053 1263 1109 concedendi,
1319 1070 1519 1117 praeser-

107 1123 190 1169 tim
240 1122 295 1169 iis
337 1122 633 1185 temporibus
676 1123 849 1185 quibus
887 1120 1122 1184 Episcopi
1163 1120 1518 1185 Imperatorum

106 1206 403 1253 paganorum
443 1191 626 1247 Edictis
665 1206 693 1237 a
737 1190 943 1237 Sedibus
986 1188 1084 1236 suis
1123 1188 1367 1237 deturbati
1404 1192 1522 1239 late-

38 1301 41 1303 .
105 1260 221 1306 bant
259 1259 306 1305 in
345 1259 508 1316 antris,
545 1260 593 1305 in
630 1274 802 1305 necem
840 1258 1196 1321 quaerebantur,
1234 1257 1282 1304 in
1319 1257 1519 1307 exilium

107 1327 436 1384 mittebantur,
474 1338 557 1374 aut
583 1326 627 1372 in
656 1342 877 1374 carceres
904 1325 1297 1387 conjiciebantur.

176 1398 243 1442 ⁶2⁴³·
283 1394 370 1442 SS.
399 1395 568 1441 Patres
595 1409 838 1456 nunquam
869 1392 968 1440 sive
994 1394 1039 1438 in
1067 1393 1163 1439 suis
1192 1393 1394 1457 Scriptis
1419 1394 1519 1443 sive

105 1461 152 1507 in
182 1462 461 1509 Canonibus
490 1460 674 1510 Concil
665 1477 816 1507 iorum
843 1477 869 1508 a
895 1477 946 1507 se
973 1460 1129 1516 editis,
1168 1460 1283 1508 licet
1322 1461 1520 1525 copiose

105 1530 167 1577 de
205 1530 350 1577 sacris
394 1529 640 1592 ordinibus
666 1527 961 1591 scripserint,
1000 1528 1316 1576 observarunt
1351 1531 1467 1577 istos
1493 1548 1522 1579 a

104 1598 402 1660 simplicibus
449 1597 762 1659 Praesbyteris
808 1612 949 1660 posse
992 1596 1202 1643 conferri
1247 1607 1331 1645 aut
1371 1598 1520 1647 fuisse

108 1667 325 1716 collatos.
394 1665 548 1728 Atqui
579 1677 738 1712 tamen
763 1664 801 1709 si
821 1654 1065 1739 simplices
1093 1664 1385 1713 Sacerdotes
1410 1683 1521 1729 pos-

102 1734 199 1780 sint
225 1750 285 1781 ex
311 1734 546 1791 Ecclesiae
571 1731 885 1783 concessione
910 1732 1026 1779 istos
1045 1733 1256 1780 Ordines
1282 1735 1520 1793 conferre,

107 1802 210 1850 fieri
236 1819 330 1849 non
369 1802 542 1865 potuit,
582 1811 665 1848 aut
706 1800 875 1848 saltem
902 1800 982 1846 vix
1011 1799 1112 1847 fieri
1138 1802 1313 1864 potuit,
1353 1815 1405 1851 ut
1433 1798 1521 1851 SS.

109 1870 278 1918 Patres
322 1885 564 1934 nunquam
608 1868 728 1916 illud
763 1867 811 1913 in
849 1867 946 1916 suis
985 1868 1184 1932 Scriptis
1231 1870 1519 1920 observave-

107 1948 218 1984 nnn

83 2048 88 2053 .
177 2009 257 2052 3⁰·
296 2006 372 2052 Ex
400 2001 684 2053 testimoniis
705 2004 900 2051 Patrum
921 2001 1323 2068 irrpropositione
1341 2023 1523 2069 praece-

107 2072 243 2120 denti
276 2072 483 2120 laudatis
519 2083 653 2135 patet
690 2072 947 2135 plerosque
972 2089 1034 2119 ex
1079 2072 1170 2119 illis
1199 2073 1422 2122 Patribus
1447 2091 1522 2123 sa-

108 2157 236 2189 cram
265 2140 629 2188 Ordinationem
657 2139 938 2188 conserendi
964 2149 1255 2204 potestatem
1281 2142 1349 2190 sic
1378 2144 1519 2207 Epis-

108 2209 242 2272 copis
284 2209 564 2265 attribuere,
604 2219 655 2256 ut
702 2207 884 2254 nullum
935 2224 1098 2255 casum
1147 2222 1431 2271 agnoscant,
1469 2211 1520 2258 in

107 2295 201 2341 quo
260 2282 339 2339 Jus
375 2277 494 2325 illud
536 2276 598 2324 ad
644 2275 884 2338 simplices
929 2276 1219 2324 Sacerdotes
1268 2279 1519 2327 transferri

107 2345 289 2408 possit3
330 2345 455 2400 Quid
484 2345 604 2404 facit
649 2345 921 2409 Episcopus,
958 2353 1141 2409 excepta
1193 2347 1517 2406 ordinatione,

109 2415 231 2478 quod
252 2414 507 2477 nonfaciat
536 2411 843 2475 Proesbyter?
877 2410 1031 2475 inquit
1060 2413 1109 2460 S.
1135 2413 1480 2477 Hieronymus.

174 2486 243 2527 40·
269 2481 503 2545 Gelasius
530 2481 662 2543 Papa
681 2478 837 2543 Epist.
863 2481 908 2527 9.
936 2496 1044 2542 cap.
1068 2484 1114 2529 6.
1141 2491 1258 2527 tom.
1282 2485 1328 2528 4.
1365 2484 1519 2533 Cone.

108 2564 152 2594 c.
177 2553 222 2596 6
260 2549 429 2597 asserit
454 2548 647 2611 quidem
674 2548 860 2610 aliquos
886 2547 1096 2595 Ordines
1121 2565 1262 2612 posse
1286 2565 1314 2596 a
1338 2549 1520 2615 simpli-

108 2615 244 2663 cibus
294 2617 605 2691 Praesbyteris
653 2614 772 2672 dari,
810 2613 896 2662 sed
944 2615 1070 2663 intra
1114 2616 1518 2668 subdiaconatum

107 2683 278 2736 haeret,
311 2701 402 2732 nec
427 2684 568 2732 altius
593 2683 816 2747 assurgit.
887 2686 1049 2737 Quare
1074 2694 1254 2741 autem,
1294 2686 1381 2732 nisi
1408 2687 1520 2748 quia

108 2750 380 2812 superiores
406 2752 613 2800 Ordines
639 2750 898 2815 nequidem
935 2768 999 2799 ex
1037 2753 1352 2801 concessione
1379 2754 1521 2818 Epis·-

109 2833 345 2895 coporurn
396 2836 424 2879 a
467 2820 765 2884 simplicibus
807 2819 1123 2888 Praesbyteris
1166 2820 1374 2869 conferri
1410 2838 1520 2886 pos-

108 2896 260 2933 sunt.

791 2957 831 3004 F
1016 3002 1017 3005 ,
1303 2962 1368 3004 50·
1407 2955 1518 3005 Sive
