1846 3250
268 128 366 174 288
649 190 651 192 q
786 134 1216 187 TRACTATUS

268 259 513 312 Creatoris
561 265 781 316 habitare
824 285 934 317 cum
983 286 1138 319 uxore
1184 286 1271 318 sua
1308 268 1474 318 fideli·
1506 271 1682 320 coeteris

264 346 348 393 ego
401 332 517 388 dico,
573 351 665 383 non
716 338 968 395 Dominus,
1023 339 1063 386 si
1098 338 1324 400 Irfidelz's,
1362 336 1533 399 inquit,
1594 339 1686 385 dis-

264 395 399 452 cedit,
437 390 680 458 discedat,-
718 419 812 450 non
838 404 955 452 enim
979 406 1190 454 servitu-ti
1212 405 1442 466 subjectus
1481 413 1548 453 est
1561 406 1685 468 fra-

252 471 336 509 ter
359 472 446 511 aut
468 483 602 514 soror
635 469 685 517 in
720 470 997 534 hayusmodi.
1069 475 1229 525 Quam
1255 481 1547 547 potestatem
1575 487 1682 534 pro-

266 528 401 577 fecto
426 548 522 580 non
547 534 648 582 sibi
673 549 925 601 arrogaret
957 540 1220 602 Apostolus
1257 538 1346 585 nisi
1371 538 1647 586 Ecclesiae
1636 554 1686 584 m

253 612 473 658 persona
511 601 645 650 Petri
685 605 863 653 collata
895 605 1082 664 fuisset,
1122 622 1233 653 cum
1277 605 1402 652 dixit
1428 606 1682 654 Christus:

257 679 403 724 pasce
425 684 546 716 oves.

337 734 445 782 Nec
470 735 661 785 dicatur
689 738 735 786 S.
767 739 972 786 Paulum
999 740 1077 787 hic
1102 739 1408 787 solummodo
1434 738 1684 786 declarare

275 800 391 860 quid
439 818 467 849 a
508 804 619 852 Deo
647 807 708 853 de
748 807 1051 863 matrimonio
1101 803 1279 854 Fidelis
1327 823 1439 853 cum
1487 805 1679 853 Infideli

261 878 504 924 ¹statutum
552 872 628 919 sit.
700 873 822 936 Agit
859 874 985 921 enim
1035 884 1089 921 ut
1140 873 1378 921 Ecclesiae
1416 873 1586 920 Pastor
1628 889 1686 920 ac

263 936 441 984 virtute
467 940 721 1001 potestatis
745 940 834 987 sibi
862 952 911 988 et
939 931 1175 989 Ecclesiae
1200 957 1229 988 a
1255 940 1449 989 Clnisto
1473 940 1682 993 traditae.

259 1004 450 1059 Statuit
485 1005 547 1054 tle
572 1008 908 1064 matrimonio;
944 1027 1027 1073 ego
1067 1010 1184 1063 dico,
1220 1007 1394 1071 inquit,
1449 1025 1540 1056 reon
1583 1009 1685 1055 DO-

264 1073 414 1121 minus
461 1072 565 1136 ipse
615 1085 663 1122 et
712 1046 1009 1123 immediate.
1102 1076 1259 1138 Igitur
1308 1075 1536 1122 Ecclesia
1572 1076 1706 1135 jure*

264 1140 426 1186 divino
469 1151 761 1203 potestatem
801 1143 947 1191 habet
985 1143 1334 1207 impedimenta
1368 1141 1685 1189 matrimoniis

264 1208 558 1271 apponendi.
595 1219 603 1224 “
932 1232 936 1235 ·

330 1275 480 1323 Prob·
523 1278 596 1322 20·
633 1293 696 1324 ex
739 1277 909 1339 regula
958 1278 1008 1325 S.
1057 1275 1356 1341 Augustini.
1397 1276 1450 1324 Si
1485 1275 1599 1340 quis
1633 1275 1683 1323 in

264 1341 421 1406 aliquo
456 1343 661 1391 divinam
703 1346 1025 1393 auctoritatem
1066 1352 1288 1411 quaerat:
1325 1343 1449 1409 quod
1473 1343 1689 1391 universa

264 1417 388 1457 tenet
429 1410 646 1467 Ecclesia,
686 1427 766 1460 rzec
813 1412 1030 1461 Concilz'is
1072 1412 1350 1469 institutum,
1388 1411 1472 1458 sed
1511 1426 1688 1472 semper

265 1485 490 1525 retentum
515 1487 582 1526 est
617 1479 701 1527 hoc
727 1497 817 1528 non
860 1480 954 1528 nist
987 1478 1240 1546 apostolica
1278 1478 1554 1526 auctoritate
1589 1484 1687 1524 tra-

260 1544 408 1591 (letum
437 1546 684 1594 rectissime
717 1548 941 1595 creditur.
1014 1547 1168 1610 Atqui
1194 1544 1420 1593 Ecclesia
1444 1560 1473 1592 a
1498 1542 1571 1591 sui
1597 1560 1686 1591 ex·
1756 1570 1758 1573 .

263 1610 401 1657 ordio
427 1622 707 1660 constanter
740 1614 789 1659 in
827 1614 1130 1661 matiimonia
1170 1629 1306 1660 suam
1344 1610 1687 1660 auctoritatem

263 1679 504 1735 exercuit,
543 1679 643 1727 sive
685 1680 946 1728 statuendo
986 1681 1086 1728 sive
1134 1679 1352 1727 tollendo
1395 1677 1688 1726 matrimonii

262 1743 628 1811 impedimenta,
668 1758 720 1798 ut
760 1748 976 1795 fatentur
1014 1747 1105 1810 ipsi
1150 1745 1449 1801 Adversarii,
1487 1746 1687 1793 demon-

261 1814 527 1878 stravitque
555 1815 789 1862 Gibertus
832 1814 879 1861 in
919 1832 1007 1862 sua
1035 1813 1255 1861 Historia
1280 1813 1342 1861 de
1371 1814 1688 1872 Sacramento

263 1880 585 1939 Matrimonii,
623 1881 670 1927 in
708 1898 804 1945 qua
830 1883 891 1929 de
918 1882 1121 1946 singulis
1157 1880 1451 1927 matiimonii
1486 1868 1690 1942 impedi-

263 1949 438 1996 mentis
466 1950 657 2013 prolixe
692 1949 910 2005 disserit;
948 1948 1218 2012 nullibique
1259 1947 1440 2010 legitur
1477 1954 1692 2009 potesta-

261 2026 360 2063 tem
388 2016 515 2065 hanc
558 2016 707 2064 fuisse
734 2016 975 2064 Ecclesiae
1004 2017 1064 2064 ab
1109 2017 1270 2078 aliquo
1300 2013 1522 2063 Concilio
1563 2013 1688 2060 irro-

260 2094 443 2145 gatam.
518 2084 678 2147 Igitur
723 2084 954 2132 Ecclesia
985 2085 1045 2131 ab
1075 2081 1342 2146 Apostolis,
1386 2079 1688 2159 proindeque

258 2153 320 2199 ab
351 2151 561 2214 ipsomet
589 2150 785 2200 Christo
814 2160 1112 2215 potestatem
1150 2150 1280 2197 illam
1307 2148 1517 2212 accepit.

268 2218 277 2221 ⁷
330 2219 393 2266 Et
429 2235 544 2266 vero
582 2219 623 2265 si
650 2218 876 2266 Ecclesia
913 2227 1208 2281 potestatem
1248 2215 1377 2264 hanc
1421 2232 1450 2263 a
1493 2212 1687 2263 Christo

262 2302 359 2333 non
385 2285 651 2349 acceperit,
689 2285 953 2333 dicendum
994 2295 1069 2332 est
1108 2300 1215 2332 eam
1254 2281 1557 2331 auctoritatis
1597 2280 1688 2327 sibi

260 2370 288 2401 a
317 2354 512 2402 Christo
550 2369 795 2401 concessae
831 2352 1006 2399 limites
1044 2352 1310 2414 ignorasse,
1347 2359 1397 2397 et
1431 2354 1512 2410 jus
1551 2346 1690 2393 inde-

263 2422 415 2469 bitum
444 2430 615 2468 contra
639 2420 800 2483 sponsi
827 2421 1128 2467 voluntatem
1166 2416 1255 2465 sibi
1289 2430 1556 2479 arrogasse.
1627 2413 1688 2461 Id

260 2504 406 2550 porro
444 2489 506 2536 de
533 2503 709 2551 sponsa
737 2487 915 2536 Christi
944 2487 1023 2534 cui
1057 2500 1250 2548 semper
1291 2484 1431 2531 adest
1475 2497 1687 2546 praesens

262 2554 471 2618 Spiritus
519 2556 728 2602 Sanctus
766 2554 1003 2617 suspicari
1055 2552 1188 2599 nefas
1234 2560 1322 2599 est.
1395 2551 1601 2613 Insuper
1649 2549 1688 2595 si

259 2622 489 2669 Ecclesia
531 2622 812 2685 piaejudicio
841 2621 1119 2684 Principum
1168 2620 1293 2665 hanc
1336 2617 1426 2664 sibi
1466 2624 1682 2681 potesta-

260 2700 357 2736 tem
386 2691 597 2736 decursu
625 2700 897 2752 temporum
925 2688 1014 2735 sibi
1041 2684 1357 2748 arrogaverit,
1398 2695 1452 2732 ut
1480 2692 1686 2732 conten-

259 2758 382 2805 dunt
413 2756 691 2803 Adversarii
731 2753 1251 2818 nonnullhquomodo
1292 2750 1477 2799 factum
1520 2752 1595 2798 est
1634 2760 1688 2796 ut

256 2822 417 2876 nullus
439 2839 501 2870 ex
532 2822 838 2885 Principibus
858 2821 1129 2869 christianis
1159 2820 1402 2896 appellari
1423 2817 1572 2882 possit
1600 2815 1682 2891 qui

257 2889 613 2951 reclamaverit,
651 2905 743 2939 nec
780 2899 971 2957 tempus
1019 2887 1250 2955 assignari
1277 2886 1428 2952 possit
1455 2900 1549 2950 quo
1586 2882 1684 2945 pri-

1554 2962 1684 2997 mum
