1846 3250
258 147 359 199 396
767 144 1202 201 T-RACTATUS

253 280 496 332 ἤπυεν-ἰπὶ.
590 275 744 327 Porro
768 279 1021 329 Perochus
1060 284 1197 343 cujus
1232 279 1549 331 ministerium
1573 296 1683 346 pos-

254 350 413 396 tulant
461 346 606 410 Vagi,
666 348 727 395 ab
763 347 820 395 iis
855 348 1116 411 exquirere
1164 349 1312 398 debet
1359 349 1682 398 instrumenta

253 414 549 471 authentica,
579 415 656 463 vel
703 416 982 463 testimonia
1029 416 1212 481 scripta
1244 417 1341 465 fide
1377 417 1541 479 digna,
1578 417 1684 481 qui-

254 482 346 530 bus
383 491 576 531 constet
616 487 691 530 1⁰·
727 482 789 531 de
826 500 995 531 eorum
1033 485 1300 548 Baptismo,
1360 494 1520 542 aetate,
1569 484 1681 532 loco

253 550 535 604 nativitatis
609 553 689 598 20·
725 551 806 598 De
848 567 1016 599 eorum
1062 550 1412 599 catholicitate-
1497 556 1561 600 3⁰·
1598 552 1679 599 De

250 627 409 672 morte
437 617 594 681 patris
630 615 796 666 eorum
820 629 885 666 et
920 620 1100 676 matris,
1135 620 1212 666 vel
1259 618 1322 667 de
1356 619 1548 673 illorum
1595 635 1679 682 pa-

251 695 447 734 rentum
482 701 742 741 consensu,
796 685 834 733 si
872 685 1050 740 vivant,
1105 686 1220 737 dato
1278 695 1364 734 aut
1409 685 1678 735 secuudum

251 753 417 816 Leges
442 754 615 816 petito.
653 787 656 795 i
703 756 754 800 4⁰
756 768 768 780 ·
807 754 985 802 Utrum
1011 755 1180 816 Vagus
1208 769 1412 801 uxorem
1438 753 1680 813 habuerit,

250 835 314 868 an
338 836 435 867 non
455 821 478 866 Ρ
535 820 684 873 Quod
708 820 747 869 si
772 820 1014 877 habuerit,
1052 821 1351 885 exigendum
1389 821 1481 868 erit
1505 821 1679 868 instru-

249 897 469 937 mentum
506 898 695 935 certum
732 904 827 950 quo
863 898 1057 937 constet
1091 889 1221 936 iilam
1269 904 1376 936 esse
1424 898 1678 936 mortuam.

251 955 348 1004 His
386 966 549 1004 autem
594 955 837 1019 praestitis,
875 972 952 1003 res
986 956 1253 1005 deferenda
1290 955 1381 1004 erit
1428 955 1487 1003 ad
1539 955 1680 1018 Epis·

251 1038 451 1087 copum,
488 1022 572 1087 qui
608 1023 646 1070 si
683 1023 1041 1071 matrimonium
1084 1023 1443 1087 approbaverit,
1487 1025 1546 1068 10·
1582 1023 1674 1070 dis

242 1090 471 1154 pensabit
497 1106 527 1138 a
550 1089 812 1148 domicilio,
851 1093 917 1136 20·
954 1091 1206 1155 permittet
1244 1100 1297 1138 ut
1321 1090 1400 1137 isti
1425 1089 1677 1153 Vagantes

246 1157 556 1206 matrimonio
594 1161 969 1220 conjungantur.
1061 1159 1318 1206 Postulant
1365 1167 1526 1210 autem
1563 1174 1678 1220 pru-

246 1224 424 1274 dentiae
461 1226 597 1289 leges
634 1235 689 1279 ut
728 1225 980 1273 Parochus
1016 1225 1376 1273 matrimonium
1424 1225 1677 1277 celebrans

243 1291 405 1340 omnia
441 1302 550 1340 acta
585 1292 648 1340 ad
684 1293 811 1340 hanc
848 1309 950 1340 rem
988 1292 1262 1356 spectantia
1298 1302 1459 1340 servet
1498 1302 1548 1338 et
1584 1292 1677 1339 Pa-

245 1360 426 1408 rochiae
451 1360 668 1424 registris
693 1361 943 1423 adjungat,
978 1372 1030 1408 ut
1075 1360 1308 1423 deinceps
1332 1375 1384 1407 se
1410 1370 1552 1407 extra
1575 1375 1677 1406 om-

242 1443 356 1476 nem
383 1428 578 1492 cuipam
606 1439 770 1490 ponat,
798 1428 837 1476 si
861 1428 1151 1490 disceptatio
1174 1427 1506 1475 intervenerit.

255 1544 258 1549 ‚
315 1497 506 1552 Quoeres
535 1499 830 1553 15⁰·utrum
871 1496 975 1544 sine
1006 1495 1252 1545 Ordinarii
1292 1495 1491 1542 licentia
1515 1493 1675 1542 valide

245 1564 483 1612 celebrari
506 1563 657 1626 possit
685 1564 942 1625 Vagorum
963 1562 1318 1611 matrimonium
1338 1563 1362 1608 P

252 1632 374 1679 «R.
427 1631 705 1694 opinionem
754 1631 1071 1684 affirmantem
1119 1640 1289 1679 tenere
1336 1629 1673 1686 Sanchesium,

246 1697 567 1762 Sylvestrum‚
606 1698 907 1755 Pontasium‚
947 1699 1075 1761 quia,
1104 1703 1247 1760 juxta
1282 1713 1382 1754 eos,
1420 1696 1675 1745 Parochus

240 1766 339 1817 loci
375 1766 459 1813 ubi
499 1766 791 1813 contrahunt
822 1765 1085 1828 Vagantes‚
1139 1764 1295 1828 reipsa
1336 1773 1409 1812 est
1458 1764 1673 1827 ipsorum

243 1833 510 1881 Parochus.
601 1832 760 1880 Addit
786 1833 1042 1880 Pontasius
1071 1832 1303 1880 Edictum
1330 1832 1537 1895 regium,
1567 1847 1672 1894 *qu-o

241 1917 330 1948 sex
368 1900 605 1948 mensium
641 1911 725 1947 aut
764 1900 875 1946 anni
916 1900 1094 1962 integri
1132 1899 1371 1948 habitatio
1410 1899 1472 1946 ad
1511 1899 1676 1946 matri-

241 1967 456 2015 monium
506 1967 894 2015 contrahendum
960 1968 1237 2031 requiritur,
1306 1976 1527 2031 spectare
1585 1982 1669 2013 eos

241 2036 370 2083 solos
419 2034 501 2101 qui
544 2036 691 2082 fixum
730 2035 919 2082 habent
983 2035 1298 2091 domicilium,
1361 2048 1458 2081 non
1504 2044 1670 2082 autem

241 2103 425 2165 Vagos.
496 2102 800 2151 Probabilior
841 2118 956 2150 vero
989 2112 1076 2150 aut
1116 2103 1287 2150 saltem
1335 2102 1486 2149 tutior
1530 2101 1675 2154 nobis

238 2170 432 2218 videtur
467 2170 631 2234 opinio
669 2170 930 2219 Collatoris
967 2170 1251 2218 Parisiensis
1299 2169 1380 2232 qui
1425 2170 1525 2218 'tale
1568 2184 1670 2220 ma-

165 2262 167 2264 ·
238 2237 517 2290 trimonium
552 2238 738 2288 irritum
776 2253 882 2286 esse
918 2246 1104 2293 censet,
1173 2236 1300 2284 Nam
1344 2253 1408 2286 ex
1444 2235 1667 2289 Concilio

240 2304 378 2356 Trid.
413 2320 531 2352 sess.
592 2307 673 2352 24.
733 2320 841 2367 cap.
883 2307 927 2350 1.
960 2320 1058 2353 non
1111 2304 1241 2357 valet
1285 2302 1664 2359 matrimonium,

238 2371 327 2419 nisi
373 2388 537 2421 coram
575 2371 770 2436 proprio
806 2371 1030 2423 Parocho
1066 2369 1399 2418 contrahatur.
1493 2371 1669 2432 Atqui,

239 2456 304 2488 ex
347 2440 524 2488 eodem
567 2439 808 2496 Concilio,
846 2439 950 2486 solo
977 2437 1264 2488 ordinarius
1302 2448 1377 2486 est
1413 2437 1665 2501 Vagorum

241 2508 509 2565 Parochus,
537 2507 616 2554 ubi
645 2507 806 2571 agitur
833 2507 894 2554 de
922 2505 1242 2562 matrimonio,
1287 2522 1400 2553 cum
1439 2505 1672 2568 Synod'us-

238 2574 544 2637 prohibuerit
568 2590 630 2622 ne
658 2574 866 2622 Parochi
892 2575 994 2622 sine
1013 2572 1258 2621 Ordinarii
1282 2572 1481 2624 licentia
1500 2573 1666 2636 Vagus

234 2641 541 2691 matrimonio
583 2648 897 2704 conjungant.
962 2641 1114 2698 Quod
1157 2640 1195 2687 si
1236 2650 1398 2692 tamen
1442 2640 1662 2689 evenerit

238 2708 475 2775 quosdam
499 2709 603 2756 sine
629 2710 721 2756 hac
754 2707 954 2757 licentia
988 2708 1138 2756 fuisse
1177 2712 1482 2769 conjunctos,
1520 2723 1579 2754 eo
1614 2707 1666 2755 in

238 2793 356 2825 casu
389 2776 661 2829 >curandum
697 2786 771 2824 est
808 2786 863 2824 ut
916 2776 997 2839 qui
1042 2775 1113 2823 sic
1150 2785 1517 2832 contraxerunt,
1563 2791 1663 2822 ser-

234 2844 357 2893 vatis
391 2842 727 2907 imprudenter
786 2843 988 2899 omissis,
1048 2853 1283 2891 renovent
1354 2857 1663 2891 consensum.

240 2912 484 2964 caeterum
509 2910 726 2979 praefatae
751 2910 1003 2963 cautiones
1022 2909 1311 2964 adhibendae
1334 2919 1462 2970 sunt,
1475 2908 1661 2959 etiamsi

1538 2989 1659 3029 unus
