1846 3250
621 136 725 215 DE*
754 166 1046 214 ORDINE.
1476 164 1539 212 95

132 301 300 348 saltem
338 319 431 349 non
458 301 558 350 dari
584 318 671 365 pro
697 301 917 350 omnibus
942 313 991 349 et
1015 299 1215 365 singulis
1249 297 1539 355 hominibus,

132 385 223 416 nec
264 380 486 434 spectare
534 370 595 419 ad
642 370 750 418 illos
799 370 879 434 qui
929 370 991 417 ad
1027 370 1318 418 sanctiorem
1361 377 1539 415 statum

131 450 380 494 vocantur,
434 440 520 487 sed
569 439 812 502 respicere
863 448 1048 485 tantum
1104 437 1354 485 hominum
1409 452 1540 483 com-

131 505 432 562 munitatem,
466 518 514 555 et
551 507 657 555 illos
692 506 772 571 qui
809 507 1058 570 vulgarem
1094 506 1238 554 vitam
1275 521 1430 570 agere
1458 519 1542 551 vo-

131 572 251 619 lunt.
993 610 995 612 a
1517 594 1520 597 ⁴

199 640 302 705 Οῷγ.
328 648 408 690 30·
446 644 627 692 Saltem
655 644 794 690 Deus
823 642 1043 706 permisit
1077 639 1450 695 matrimonium,
1487 650 1542 688 ut

131 721 318 759 constat
361 728 423 759 ex
467 713 567 760 istis
596 712 774 759 Matth.
811 710 967 758 verbis
1002 727 1110 774 cap.
1141 712 1217 758 19.
1252 711 1383 771 quod
1404 709 1541 755 Deus

129 778 388 840 consumit,
425 780 559 829 homo
593 780 689 827 non
723 788 939 841 separet:
989 778 1121 843 atqui
1157 777 1206 824 id
1232 778 1362 840 quod
1400 778 1540 824 Deus

127 847 361 906 permisit,
400 848 623 897 Ecclesia
645 848 903 924 prohibere
928 864 1023 895 non
1047 855 1225 923 potest.

197 914 259 961 R.
290 918 364 962 10·
391 916 661 965 Ecclesiam
688 915 866 963 nemini
886 914 1237 963 matrimonium
1263 881 1538 977 prohibere,

128 996 238 1027 cum
277 984 514 1032 neminem
550 984 613 1032 ad
649 984 858 1032 Ordines
906 984 1186 1048 compellat,
1235 981 1322 1029 sed
1359 982 1537 1071 multos

125 1048 284 1110 potius
309 1052 449 1099 abiis
474 1061 864 1100 removeat..
1288 1086 1290 1088 ·
1441 1089 1444 1092 .

194 1118 257 1165 R·
284 1121 351 1165 2⁰
385 1122 494 1168 dist.
530 1122 668 1169 Deus
706 1119 923 1184 permisit
963 1117 1319 1169 matrimonium
1356 1117 1412 1165 iis
1455 1118 1537 1181 qui

124 1158 213 1230 sibi
239 1185 358 1234 illud
383 1205 478 1236 non
503 1188 878 1244 interdixerunt,
914 1206 1041 1236 eonc-
1066 1204 1223 1244 secuS,
1250 1202 1353 1249 neq.
1385 1187 1537 1235 Porro

126 1253 251 1301 sacri
275 1255 487 1305 Ministri
511 1256 865 1306 matrimonium
890 1257 979 1305 sibi
1005 1258 1443 1305 interdixerunt-1

193 1320 260 1369 R.
304 1326 353 1370 3⁰
355 1341 366 1352 ·
401 1327 511 1373 dist.
551 1324 697 1380 Quod
733 1324 950 1387 permisit
988 1326 1145 1383 Deus,
1185 1323 1414 1372 Ecclesia
1443 1332 1542 1370 non

125 1398 286 1450 potest
305 1392 579 1454 prohibere,
598 1393 700 1440 sine
718 1392 814 1440 Dei
833 1393 979 1456 ipsius
999 1409 1254 1447 consensu,
1279 1408 1405 1439 conc.
1426 1407 1540 1439 cum

124 1456 274 1519 ipsius
310 1476 565 1518 consensu,
599 1478 703 1538 neq:
740 1461 891 1508 Porro
928 1461 1172 1508 consensit
1214 1460 1352 1507 Deus
1379 1468 1540 1506 ut‘ec-

123 1523 394 1576 clesiastica
418 1539 650 1593 potestas,
685 1528 780 1576 imo
806 1538 859 1579 et
878 1527 1045 1585 civilis,
1079 1529 1231 1575 multa
1255 1527 1535 1591 prohiberet

125 1608 234 1654 quae
257 1594 377 1659 ipse,
415 1607 604 1675 utpote
607 1596 943 1657 indifferentia,
978 1597 1280 1660 permiserat,
1316 1611 1537 1658 praecep-

121 1659 259 1725 itque
279 1673 331 1711 ut
351 1666 503 1714 omnis
527 1664 686 1714 anima
687 1664 1028 1734 potestatibus
1052 1663 1414 1713 sublimioribus
1439 1665 1529 1711 sub

125 1728 227 1778 dita
250 1731 392 1781 foret.

200 1798 304 1863 Oby.
328 1805 394 1849 4⁰·
433 1802 482 1851 S.
509 1803 687 1854 Paulus
717 1805 738 1849 1
771 1803 884 1852 Cor.
915 1804 961 1849 7.
997 1801 1067 1850 sic
1099 1802 1279 1849 habet.
1326 1800 1544 1864 Propter

109 1866 479 1929 fornicationem
501 1873 827 1937 unusquisque
849 1887 987 1923 suam
1009 1885 1201 1918 uoeorem
1221 1867 1402 1915 habeat.
1525 1917 1527 1919 ,

190 1937 252 1984 Η.
282 1941 327 1985 1⁰
331 1950 344 1964 ·
393 1938 441 1986 S.
470 1934 672 1986 Paulum
709 1939 857 1985 verba
890 1938 982 1985 ista
1005 1954 1102 1985 non
1127 1936 1338 2000 dirigere
1372 1935 1436 1983 ad
1460 1953 1536 1984 so-

127 2001 257 2050 lutos
293 2014 341 2052 et
365 2005 593 2069 virgines,
630 2004 765 2069 quasi
803 2004 875 2052 his
907 2005 1190 2069 conjugium
1222 2003 1541 2068 praeciperet;

123 2069 335 2134 alioquin
375 2072 465 2121 sibi
500 2072 873 2130 contradiceret,
913 2090 1023 2121 cum
1054 2074 1100 2120 in
1128 2072 1255 2122 eodr
1276 2088 1383 2136 cap.
1406 2090 1449 2119 v.
1485 2074 1533 2123 7.

125 2136 342 2187 declaret
366 2141 649 2205 non'nuptz's
671 2149 715 2188 et
735 2143 894 2188 viduis
917 2141 1088 2189 bonum
1110 2158 1219 2198 esse,
1256 2143 1300 2188 si
1328 2143 1396 2187 sic
1419 2158 1533 2204 per-

125 2215 360 2256 maneant.
413 2209 679 2273 Apostolus
696 2209 844 2272 igitur
862 2210 926 2257 ibi
946 2215 1231 2273 conjugatos
1255 2209 1536 2273 alloquitur,

125 2278 306 2339 eos'que
331 2288 494 2325 monet
520 2287 571 2326 ut
597 2277 694 2325 suis
719 2276 958 2325 uxoribus
975 2279 1037 2325 ad
1060 2277 1537 2326 vitandamfornica·

112 2341 555 2394 stionemutantur.
628 2345 1013 2409 Responsionem
1056 2348 1263 2411 probant
1319 2348 1380 2392 1⁰·
1432 2345 1536 2393 haeo

125 2411 340 2471 ejusdem
383 2413 607 2476 Apostoli
645 2414 792 2462 verba
834 2413 1011 2461 ibidem
1034 2432 1052 2463 ε
1100 2413 1260 2462 Nolite
1290 2412 1538 2475 fraudare

124 2479 336 2538 invicem,
373 2483 471 2529 nisi
487 2482 620 2546 forte
642 2499 699 2529 ex
719 2498 945 2529 consensu
967 2483 1036 2528 ad
1067 2490 1263 2544 tempus,
1289 2488 1343 2527 ut
1364 2482 1538 2528 vacetis

125 2549 343 2595 orationi.
401 2548 467 2596 20·
502 2550 638 2597 Idem
664 2551 871 2613 probant
891 2549 998 2597 haec
1023 2550 1149 2597 alia
1139 2548 1295 2612 ipsius.
1311 2549 1458 2596 verba
1490 2552 1532 2596 l.

128 2614 239 2660 Cor.
264 2618 312 2662 5.
357 2618 437 2677 Ita
460 2626 515 2664 ut
535 2634 725 2665 uxorem
740 2619 904 2680 patris
926 2608 1103 2680 aliquis
1126 2615 1328 2686 Ῐιαρεαές
1367 2616 1536 2680 quibus

124 2690 259 2742 patet
281 2682 446 2745 habere
470 2702 672 2741 uxorem,
710 2686 841 2750 apud
875 2686 939 2733 D.
966 2674 1192 2742 Paulum,
1230 2700 1337 2732 esse
1361 2701 1419 2732 ea
1444 2684 1531 2741 uti,

125 2764 221 2795 non
246 2765 359 2797 vero
383 2767 488 2800 eam
514 2754 725 2809 ducere-;
762 2769 887 2801 cum
912 2752 1172 2818 nequidem
1195 2752 1321 2800 inter
1346 2753 1535 2801 Gentes
1594 2767 1595 2770 ¹

124 2815 295 2864 liceret
318 2819 466 2880 patris
490 2820 562 2875 sui
587 2838 792 2877 uxorem
815 2821 1017 2881 ducere.
1188 2864 1191 2867 ,

192 2887 256 2930 2⁰·
296 2885 596 2949 Responderi
627 2900 786 2952 potest
819 2890 867 2937 S.
895 2888 1120 2947 Paulum,
1155 2886 1192 2935 si
1218 2887 1280 2935 ad
1306 2886 1534 2948 innuptos

124 2968 393 3001 sermonem
430 2954 620 3014 habeat,
656 2956 788 3023 loqui
824 2957 1340 3038 duntaxffisecwzdum
1375 2952 1535 3002 indal-

1304 3022 1531 3090 yentiam
