1846 3250
507 158 604 208 DE
643 156 1148 208 MATRIMONIO.
1449 152 1544 206 ‘431
1648 169 1653 174 ‘
1755 0 1846 222 Nl

117 290 426 356 prohibitam.
493 283 633 341 'Huic
652 293 888 341 doctrinae
913 293 1222 340 adhaeserunt
1249 281 1553 354 Anabaptis-

109 373 185 408 tae.
257 360 355 409 Sed
380 376 510 408 nunc
534 360 676 408 aliter
699 362 881 408 sentire
909 360 1145 408 videntur
1169 357 1456 406 Lutherani.

184 427 331 476 Prob.
352 428 605 494 propositio
660 431 721 474 10·
760 428 885 475 Luc.
919 430 997 475 16.
1024 444 1070 473 v·
1101 431 1179 474 18.
1261 427 1551 491 Quicumque

115 493 342 542 dimiserit
379 511 564 542 uxorem
605 512 735 543 suam
774 502 819 542 et
860 493 1001 542 aliam
1037 495 1241 547 duxerit,
1277 493 1549 541 moechatur.

117 561 270 608 Porro
295 562 333 608 si
361 562 634 610 moechatur
659 561 758 625 qui,
795 561 943 625 priori
979 577 1136 608 uxore
1161 560 1372 617 dimissa,
1410 560 1551 607 duc-it

114 626 334 686 aiteram,
371 645 400 677 a
422 623 611 676 fortiori
637 629 912 677 moechatur
936 629 1017 690 qui
1043 628 1185 676 aliam
1211 627 1364 685 ducit,
1386 626 1550 692 priore

114 705 320 743 retenta.

182 764 248 807 2⁰·
287 763 472 812 Matth.
515 766 591 811 19.
636 763 857 812 Christus
905 760 975 809 sic
1024 761 1324 825 responndet
1359 761 1547 810 Judaeis

116 829 527 893 interrogantibus
553 847 613 878 an
655 831 828 878 liceret
852 830 1035 876 homini
1068 830 1314 876 dimittere
1338 840 1546 877 uxorem

113 912 283 949 suam·
325 900 432 946 Non
451 898 642 962 legistis,
680 899 789 963 quia
815 915 893 962 qui
887 898 1037 960 ‘ficit
1059 895 1284 944 hominem
1303 897 1368 943 ab
1391 896 1545 953 initio,

114 964 369 1012 masculum
410 973 454 1012 et
467 966 723 1030 foemz’nam
749 965 877 1028 fecit
915 966 1034 1011 eos?
1076 964 1142 1009 Et
1179 963 1317 1017 discit,
1345 971 1549 1026 propter

113 1029 195 1078 hoc
219 1030 417 1079 dimittet
427 1040 618 1096 patrem
640 1038 681 1079 et
709 1040 917 1084 matrem,
936 1040 982 1076 et
997 1030 1269 1077 adhaerebit
1277 1029 1414 1078 uxori
1429 1046 1546 1087 sace,

111 1104 155 1144 et
184 1105 319 1145 erunt
337 1099 428 1146 duo
452 1098 501 1146 in
525 1115 666 1146 carne
689 1115 804 1145 una.
877 1097 1162 1162 Itaquejam
1187 1113 1279 1143 non
1304 1104 1411 1144 sunt
1436 1098 1544 1151 duo,

112 1164 308 1212 seduna
334 1181 458 1213 caro.
529 1165 676 1213 Unde
705 1165 810 1212 sic:
845 1164 944 1213 tale
981 1165 1086 1212 vult
1120 1163 1343 1215 Christus
1382 1163 1549 1210 matri..

116 1232 331 1278 monium
366 1233 492 1281 inter
526 1248 767 1289 suosesse,
805 1232 950 1296 quale
991 1233 1052 1279 ab
1088 1230 1225 1278 initio
1259 1230 1350 1277 fuit
1376 1247 1405 1278 a
1430 1231 1545 1278 Deo

117 1296 408 1356 institutum,
446 1316 537 1347 non
578 1299 755 1365 legistis
795 1300 904 1364 quia
945 1316 1029 1364 qui
1021 1300 1176 1362 ficit
1216 1298 1446 1347 hominem
1485 1298 1546 1346 ab

112 1365 263 1422 initio,
301 1370 390 1414 &c
465 1367 620 1430 Atqui
644 1367 705 1414 ab
731 1366 883 1422 initio,
920 1366 1062 1413 unius
1088 1382 1200 1428 oum
1244 1381 1342 1412 una
1384 1365 1548 1412 matri-

112 1433 326 1480 monium
369 1433 660 1481 foederatum
698 1444 789 1491 est,
828 1444 877 1481 et
914 1450 1012 1480 non
1052 1433 1145 1480 fuit
1171 1448 1285 1481 caro
1322 1448 1419 1480 una
1455 1432 1548 1480 nisi

112 1498 337 1547 duorum.
423 1501 603 1549 Iisdem
653 1517 771 1564 ergo
812 1500 1045 1549 limitibus
1092 1499 1453 1567 matrimonium
1493 1516 1544 1546 1n

114 1581 239 1614 nova
265 1570 404 1629 Lege
430 1579 703 1616 coercetur.

186 1638 248 1681 3⁰·
299 1636 380 1682 Ex
429 1637 688 1699 Apostolo,
744 1635 825 1698 qui
874 1634 1065 1698 quoties
1125 1634 1188 1682 de
1235 1633 1544 1681 matrimonio

113 1701 340 1762 loquitur,
376 1718 583 1765 semper
609 1704 674 1750 du
712 1720 862 1750 uxore
897 1699 1326 1750 sermonem-facit
1361 1701 1410 1747 in
1448 1701 1546 1748 sin-

112 1768 267 1829 gulari
305 1786 510 1817 numero
547 1780 595 1817 et
620 1771 750 1817 illam
778 1770 968 1817 unicam
996 1768 1244 1832 supponit,
1287 1771 1329 1815 1.
1356 1769 1528 1817 Corss’
1551 1826 1556 1832 p

124 1836 451 1901 Unusquisque
496 1853 686 1885 umorem
732 1854 862 1884 suam
915 1836 1083 1885 habeat
1090 1870 1212 1884 ......
1222 1834 1444 1899 alligatus
1496 1853 1545 1884 es

112 1904 263 1959 uxori,
301 1904 398 1951 noli
432 1920 656 1966 quaerere
677 1903 964 1952 solutionem.
1039 1903 1135 1959 Qui
1158 1919 1258 1951 cum
1285 1919 1426 1952 uxore
1456 1911 1541 1961 est,

111 1965 335 2018 sollicitus
368 1979 435 2018 est
460 1987 563 2036 quoe
584 1979 691 2019 sunt
731 1971 910 2025 mundi.

118 2053 120 2057 ·
180 2037 388 2100 Insuper
415 2039 559 2085 Rom.
585 2042 630 2089 7.
658 2043 704 2086 3.
731 2038 929 2095 Mulier,
957 2038 1134 2087 vivente
1168 2037 1284 2093 viro,
1306 2036 1543 2086 vocabitur

113 2103 329 2151 adultera
364 2123 405 2152 sz
397 2106 588 2168 fuerit
614 2122 716 2154 cum
739 2104 886 2153 altero
912 2106 1026 2154 viro.
1097 2104 1265 2181 Atqui
1279 2098 1342 2152 e‘x
1368 2102 1545 2153 eodem

116 2172 359 2249 Apostolo
390 2175 432 2218 1.
459 2175 572 2221 Cor.
606 2176 652 2223 7.
678 2189 818 2237 pares
843 2183 957 2220 sunt
992 2178 1226 2236 conjuges
1253 2171 1302 2218 in
1334 2177 1446 2233 Jure
1480 2172 1544 2219 ad

114 2254 250 2285 usum
276 2239 325 2285 in
347 2240 653 2287 matrimonii.
742 2240 879 2288 Sicut
905 2240 1053 2303 igitur
1078 2239 1252 2287 mulier
1276 2239 1381 2287 sine
1404 2239 1544 2286 adul-

113 2306 235 2352 terio
278 2322 372 2352 non
399 2317 561 2370 potest
585 2307 688 2355 fieri
715 2324 841 2355 uxor
865 2307 1063 2355 alterius
1097 2308 1202 2366 viri,
1262 2306 1330 2354 ita
1353 2323 1448 2355 nec
1473 2306 1545 2354 vir

115 2383 296 2436 potest
299 2373 403 2421 fieri
428 2374 625 2422 alterius
650 2375 816 2423 uxoris
848 2375 1063 2423 maritus.

178 2445 247 2486 40·
283 2441 363 2487 Ex
404 2442 495 2489 SS.
533 2443 775 2490 Patribus.
847 2442 897 2489 S.
923 2441 1220 2489 Ambrosius
1258 2441 1408 2488 lib.1
1388 2444 1431 2488 1.
1478 2440 1548 2488 da

119 2506 366 2555 Abraham
395 2524 439 2555 c.
466 2512 512 2558 7.
552 2511 662 2559 Non
704 2508 808 2557 licet
844 2509 945 2565 tibi,
982 2526 1125 2557 uxore
1167 2510 1362 2564 vivente,
1399 2507 1543 2557 aliam

111 2576 290 2622 ducere.
361 2575 437 2622 Ita
474 2575 806 2641 Hieronymus
832 2585 882 2623 et
907 2576 985 2623 alii
1013 2576 1213 2627 Patres.s
1562 2627 1568 2634 ,

182 2646 245 2690 50·
302 2641 383 2689 Ex·
427 2643 567 2706 praxi
616 2644 744 2708 apud
795 2643 1095 2692 Christianos
1138 2644 1208 2692 sic
1258 2653 1542 2691 constanter

113 2709 368 2756 observata
393 2721 446 2756 ut
460 2712 632 2759 nullus
666 2711 713 2757 in
741 2711 1035 2759 contiarium
1075 2711 1289 2767 Canon,
1301 2711 1433 2758 nulla
1457 2726 1543 2757 cu-

105 2776 256 2836 jusvis
287 2776 520 2824 Ecclesiae
550 2777 827 2841 disciplina,
865 2779 1050 2826 nullum
1086 2778 1189 2826 sive
1210 2778 1411 2842 Regum
1439 2777 1541 2824 sive

113 2842 313 2889 aliorum
340 2845 618 2907 exemplum
639 2844 873 2909 appellari
899 2846 1099 2909 possint.

180 2914 246 2958 60
288 2910 362 2957 Ex
410 2912 597 2960 Concil.
641 2913 774 2961 Trid.
814 2929 931 2962 sess.
980 2915 1062 2960 24.
1088 2913 1173 2961 de
1221 2908 1543 2960 Matrimonio

1431 2993 1539 3027 can.
