1846 3250
540 156 633 204 DE
672 144 995 204 ORD1N13.'
1421 155 1507 202 ποι

103 310 294 341 uxorum
338 292 662 341 consuetudine
707 291 1004 348 abstinerent,
1042 292 1082 339 si
1123 289 1302 339 vellent.
1372 289 1511 337 Idem

105 371 215 423 post
261 362 507 410 Socratem
558 359 773 407 referunt
825 360 1138 416 Sozomenus,
1178 357 1512 411 Cassiodorus,

107 428 427 491 Nicephorus‚
482 426 723 486 Gelasius‚
777 428 1067 492 Cyzicenus,
1120 432 1255 489 cnjus
1297 425 1521 475 meminit?

106 496 306 545 Photius
331 495 441 545 cod.
471 498 545 544 15.

172 566 229 612 R.
276 559 368 611 1⁰·'
405 563 530 611 hanc
578 562 842 611 Historiam
870 563 1027 625 rejici
1076 572 1126 610 ut
1173 563 1439 610 fabuiosam
1482 579 1512 610 a

102 632 263 681 multis
321 631 553 687 Eruditis,
619 631 842 688 Baronio,
902 630 1211 685 Bellarmino,
1273 629 1510 686 Arcudio',

104 699 436 758 Thomassino,
494 698 708 757 Valesio,
767 699 1073 750 Cabassutio.
1144 702 1220 744 10·
1262 698 1388 752 Quia
1435 715 1511 745 res

101 768 221 815 tanti
257 767 485 816 momenti
510 768 559 815 in
587 768 709 816 actis
741 767 947 817 Concilii
971 785 1067 815 non
1106 765 1277 815 fuisset
1304 766 1511 823 omissa;

98 837 231 883 nullo
270 847 431 885 tamen
471 835 519 884 in
557 836 822 899 exemplari
865 844 1174 891 memoratur,
1209 834 1249 881 si
1285 834 1508 882 codicem

100 904 355 966 exceperis
397 921 541 952 manu
580 903 811 967 scriptum
850 920 994 967 quem
1045 903 1295 967 Spemius,
1337 902 1420 950 lib.
1467 906 1510 950 1.

95 971 163 1019 -de
205 973 531 1029 Continentia,
569 988 611 1019 c.
647 976 709 1020 4..
741 972 779 1019 si
816 971 1000 1020 <vidisse
1049 968 1271 1027 testatur,
1309 971 1507 1036 quique,

100 1056 212 1087 cum
237 1039 437 1089 incertae
471 1040 532 1088 sit
564 1040 734 1097 aetatis,
773 1050 945 1088 contra
987 1041 1198 1104 reliquos
1223 1039 1367 1087 Orbis
1406 1038 1511 1085 uni-

103 1107 227 1156 versi
264 1108 460 1157 codices
496 1108 641 1155 fidem
679 1108 843 1156 facere
881 1125 977 1155 non
1013 1118 1192 1173 potest.
1265 1109 1346 1155 20.
1383 1108 1511 1160 Quia

100 1175 367 1224 incredible
419 1187 494 1225 est
539 1176 664 1223 iiiios
714 1176 945 1225 Historiae
1002 1176 1188 1225 nullum
1229 1176 1509 1224 ‘Auctorem

40 1265 42 1267 “
102 1245 485 1293 ecclesiasticum
533 1244 805 1293 meminisse
863 1254 1041 1308 praeter
1096 1245 1364 1299 Socratem,
1426 1242 1507 1306 qni

101 1328 131 1375 p
162 1312 282 1359 'nus
319 1312 548 1369 omnium,
586 1323 782 1360 eentum
830 1322 940 1377 post
980 1312 1188 1361 concilii
1224 1310 1511 1359 celebratio·-

100 1396 162 1426 ne
237 1396 402 1435 annos,
426 1380 556 1427 iliam
582 1390 833 1429 memorat.
906 1381 1142 1434 30·-Quia
1165 1379 1268 1425 haec
1290 1378 1511 1426 Historia

99 1464 291 1510 prorsus
318 1449 653 1496 contradicere
679 1448 867 1496 videtur
912 1448 962 1495 S.
992 1447 1262 1511 Epiphanio
1287 1447 1369 1510 qui
1395 1446 1510 1494 haer.

90 1518 184 1564 59.
209 1514 275 1563 ait
299 1516 423 1581 quod
447 1517 489 1564 si
523 1516 756 1564 non-nullis
789 1516 941 1563 adhuc
981 1516 1030 1564 in
1065 1514 1178 1562 locis
1202 1514 1507 1579 Praeslqyfferi',

102 1583 309 1632 Diaconz’
345 1592 388 1632 et
438 1585 769 1648 Hypodiaconz‘
794 1583 931 1646 filios
976 1584 1247 1645 suscrpiun‘t,
1278 1581 1407 1630 illud
1452 1598 1509 1629 esc

105 1652 307 1701 Canonis
344 1653 618 1700 auctoritate
653 1668 743 1701 non
770 1652 894 1715 fieri,
933 1652 1013 1699 sed
1040 1656 1233 1716 propter
1277 1650 1510 1697 hominum

100 1720 349 1784 ignaviam.
418 1719 572 1784 Atqui
619 1731 779 1769 tamen
828 1719 867 1766 si
915 1736 1079 1765 verum
1130 1729 1257 1764 esset.
1301 1718 1506 1764 Concilii

90 1786 289 1835 -Nicaeni
317 1787 579 1843 Statutum‚
617 1789 829 1851 egissent
852 1787 920 1832 illi
948 1786 1235 1850 Praesbyteri
1273 1802 1330 1832 ex
1354 1792 1510 1833 aueto-

103 1855 245 1904 ritate
272 1855 487 1912 (Iunonis,
523 1872 618 1903 non
645 1872 730 1919 per
755 1853 1011 1918 ignaviam.
1084 1874 1086 1877 ⁴

156 1923 239 1986 R.
274 1924 354 1968 20·
389 1924 513 1971 hanc
540 1923 799 1986 Paphnutii
834 1921 1098 1969 Historiam
1139 1937 1234 1969 non
1259 1935 1400 1985 posse
1424 1936 1512 1966 no·

104 1988 176 2037 bis
201 2005 229 2036 a
254 1986 580 2039 Novatoribus
604 1990 764 2053 objici.
824 1989 966 2047 Nam,
992 1989 1242 2052 supposita
1265 1994 1365 2051 ejus
1389 1988 1510 2035 veri-

105 2068 222 2114 tate,
262 2058 485 2122 Synodus
511 2057 714 2107 Nicoena
754 2057 998 2123 prohibuit
1039 2074 1099 2104 ne
1135 2056 1347 2105 Ministri
1385 2055 1511 2115 sacri

104 2136 214 2188 post
254 2142 388 2174 suam
429 2124 797 2175 Ordinationem
844 2141 1021 2174 uxores
1070 2125 1322 2182 ducerent,
1359 2123 1508 2187 idque

103 2192 346 2256 prohibuit
370 2194 637 2243 secundum
661 2195 905 2258 antiquam
934 2193 1169 2242 Ecclesiae
1192 2194 1368 2257 legem.
1406 2193 1508 2240 Cur

104 2261 252 2324 igitur
314 2273 386 2311 tot
438 2262 650 2311 Ministri
707 2264 833 2311 inter
891 2262 1239 2320 Protestantes,
1299 2271 1348 2309 et
1405 2260 1509 2323 ipse

99 2329 349 2379 Lutherus
376 2331 630 2389 Sacerdos,
669 2346 846 2381 uxores
869 2330 1147 2379 duxerunt?

174 2398 236 2445 R.
263 2401 343 2447 30·
376 2399 455 2448 Ex
494 2399 768 2448 narratione
811 2397 1024 2447 Socratis
1069 2399 1160 2446 hoc
1199 2412 1346 2445 unum
1394 2409 1522 2442 con-

109 2466 258 2527 sequi,
278 2466 505 2516 videlicet
524 2468 872 2516 continentiam
901 2465 1244 2514 Sacerdotibus
1261 2470 1361 2525 jam
1386 2479 1508 2527 nup-

108 2531 168 2579 tis
203 2549 231 2580 a
257 2534 454 2597 Synodo
480 2534 678 2583 Nicaena
703 2551 797 2582 non
835 2533 984 2582 fuisse
1026 2541 1337 2598 praeceptam.
1409 2531 1510 2579 Sed

110 2602 323 2662 quamvis
363 2613 497 2654 „tunc
558 2603 783 2668 Synodus
843 2602 1044 2650 Nicaena
1091 2617 1195 2649 eam
1244 2600 1511 2664 praecipere

110 2667 334 2724 noluerit,
370 2669 527 2732 potuit
551 2670 783 2736 deinceps
812 2672 873 2718 ab
901 2669 1125 2717 Ecclesia
1148 2667 1360 2734 praecipi3
1399 2683 1511 2715 cum

107 2734 171 2782 sit
192 2751 269 2783 res
303 2735 566 2801 disciplinae
606 2756 713 2803 quae
753 2737 927 2787 mutari
950 2748 1128 2801 potest,
1164 2752 1374 2799 cumque
1406 2736 1513 2782 haec

113 2802 334 2864 Synodus
379 2804 572 2854 minime
620 2807 827 2855 vetuerit
867 2823 928 2853 ne
970 2805 1247 2853 universalis
1287 2802 1513 2852 Ecclesia

91 2880 195 2918 aut
230 2870 372 2918 etiam
409 2873 721 2936 particulares
739 2873 1163 2930 'Ecclesiae,'si-id,
1199 2873 1395 2920 attentis
1421 2870 1517 2928 cir-

111 2938 426 2998 cumstantiis,
461 2943 782 2992 necessarium
817 2940 1112 3004 judicarent,
1149 2940 1367 2989 eamdem
1404 2937 1516 3051 lfixa

1423 3019 1514 3068 ege
