1846 3250
503 182 600 231 DE
638 177 1136 230 MATRIMONIO.
1435 178 1561 225 289¹

109 337 242 369 mum
271 315 543 382 incoeperit
580 317 687 363 haec
728 316 996 379 usurpatio,
1033 331 1126 364 nec
1167 315 1306 363 locus
1342 314 1393 362 in
1439 332 1536 380 qno

114 387 390 452 incoeperit,
427 400 546 432 nec
561 384 689 431 illius
731 383 957 431 nevitatis
990 394 1180 460 auctor,
1217 399 1311 432 nec
1336 383 1412 432 via
1447 401 1538 449 per

115 464 273 519 quam*
286 461 462 501 novum
489 450 607 498 illud
625 455 706 513 Jus
731 450 1065 498 introductum
1091 450 1171 498 sit.

187 523 295 571 Nec
319 518 670 583 respondeatur
697 533 808 565 cum
834 517 1077 565 nonnullis
1129 517 1232 566 aliis
1259 518 1559 568 Ecclesiam

108 595 189 667 Jus
225 588 414 638 ferendi
441 586 609 650 Leges
645 584 777 633 circa
797 585 1159 632 matrimonium
1194 602 1260 634 ex
1285 587 1543 651 indulgen-

120 658 188 705 tia
210 667 261 705 et
285 654 605 704 concessione
632 653 914 716 Principum
940 653 1238 701 exercuisse.
1310 655 1438 703 Nam
1469 658 1559 702 ΙΨ

122 725 283 772 nullus
333 723 585 785 Princeps,
644 720 779 768 nulla
830 720 1188 783 Imperatorum
1232 722 1561 771 ·C0nstitutio

122 801 328 857 possunt—
364 789 613 853 assignari,
651 803 680 836 a
715 788 888 851 quibus
935 786 1242 851 privilegium
1278 788 1410 837 istud
1448 791 1547 839 Ec-

128 860 289 909 clesiae
343 873 631 907 concessum
678 856 841 903 fuerit.
913 860 990 903 20·
1046 856 1298 926 Principes
1347 856 1563 920 quidem

126 927 376 975 christiani
409 924 670 988 saepissime
708 923 806 971 suis
840 922 1046 971 Edictis
1070 924 1388 982 confirmant,
1440 943 1551 990 pro-

131 1004 323 1058 tegunt,
374 990 658 1041 executioni
711 983 994 1038 demandari
1042 992 1222 1052 Jubent
1257 992 1433 1055 Leges
1491 995 1552 1041 ab

132 1061 360 1110 Ecclesia
396 1060 458 1107 de
490 1058 806 1106 matrimoniis
840 1059 996 1114 latas;
1032 1058 1119 1105 sed
1156 1058 1326 1106 nullibi
1372 1060 1551 1124 legitur

128 1128 476 1191 impedimenta
549 1125 906 1173 matrimonium
967 1095 1244 1173 dirimentia
1302 1127 1569 1186 statuendi¹

133 1204 428 1260 potestatem
462 1192 611 1240 fuisse
648 1194 708 1240 ab
746 1192 814 1241 eis
858 1193 1096 1241 Ecclesiae
1123 1194 1377 1243 indultam.
1449 1197 1555 1244 [mo

134 1280 230 1311 non
280 1278 387 1310 raro
424 1261 486 1309 ad
530 1261 873 1309 auctoritatem
924 1261 1163 1309 Ecclesiae
1213 1262 1561 1326 confugerunt,

137 1343 238 1379 turn
288 1339 341 1377 ut
373 1327 723 1392 impedimenta
772 1345 879 1391 quae
927 1329 1122 1391 ipsimet
1182 1330 1569 1387 constituerant,

137 1400 198 1447 ab
235 1398 317 1444 illa
353 1395 755 1460 approbarentur,
810 1406 912 1442 turn
963 1406 1016 1443 ut
1052 1412 1179 1444 nova
1214 1396 1563 1460 impedimenta

141 1467 202 1514 ab
240 1480 299 1513 ea
334 1472 681 1512 statuerentur.
756 1462 837 1510 Sic
876 1464 1080 1511 Carolus
1106 1464 1196 1510 IX.
1232 1465 1406 1513 Galliae
1448 1467 1561 1513 Rex

140 1550 227 1597 per
253 1533 487 1580 Oratores
512 1546 626 1579 suos
652 1530 782 1593 apud
809 1530 1144 1578 Tridentinam
1184 1532 1434 1594 Sy'nodum
1463 1533 1565 1596 egit

143 1612 196 1648 ut
259 1599 392 1647 irrita
451 1597 724 1645 declararet
773 1597 1114 1711 matrimonia3
1121 1598 1573 1695 061ἰοτυηιΐεῑωίὶίειέ

141 1668 244 1714 sine
293 1676 548 1741 parentum
598 1678 839 1712 consensu
879 1663 1014 1711 inita.
1152 1666 1375 1714 ’Solent
1427 1667 1568 1714 Prin-

146 1736 278 1797 cipes
321 1730 566 1781 christiani
615 1731 1076 1795 impedimentorum
1086 1668 1297 1795 3quibus
1344 1725 1572 1783 irretiun

146 1814 243 1849 tur
269 1798 678 1865 dispensationem
721 1801 782 1847 ab
822 1800 1050 1847 Ecclesia
1074 1801 1339 1863 postulare.
1412 1802 1568 1866 Atqui

148 1869 373 1946 profecto
409 1868 479 1914 sic
515 1881 611 1912 non
649 1877 869 1930 agerent,
907 1867 943 1914 si
982 1867 1071 1929 ipsi
1098 1868 1189 1914 soli
1222 1868 1573 1930 impedimenta

147 1935 504 1984 matrimonium
525 1932 800 1982 dirimentia
829 1934 1074 1981 statuendi
1106 1944 1398 2010 potestatem
1425 1937 1572 1986 habe·

151 2014 275 2058 rent,
313 2019 408 2050 nec
450 2002 538 2049 nisi
578 2001 846 2064 precariam
894 2011 943 2048 ct
986 2002 1046 2048 ab
1090 2003 1158 2048 eis
1200 2018 1484 2052 concessam
1525 2004 1574 2052 in

155 2069 348 2134 nuptias
373 2069 715 2117 auctoritatem
743 2074 1002 2116 exerceret
1025 2069 1265 2119 Ecclesia.
1336 2075 1422 2119 4⁰.-
1455 2073 1576 2127 Quis

156 2136 335 2184 dixerit
381 2137 655 2185 Ecclesiam
700 2136 1119 2198 impedimentum,
1157 2154 1202 2184 v.
1237 2155 1286 2200 g.
1323 2140 1579 2188 monastici

158 2205 274 2262 voti,
311 2203 554 2252 affinitatis
596 2203 874 2268 spiritualis,
913 2220 1021 2266 quae
1063 2204 1288 2267 profecto
1323 2206 1395 2254 ad
1443 2208 1581 2255 Reli-

155 2272 348 2335 gionem
412 2272 637 2329 attinent,
697 2288 758 2318 ex
822 2271 925 2318 sola
985 2271 1269 2336 Principum
1318 2273 1577 2339 indulgen-

158 2341 240 2395 tia,
275 2355 371 2387 non
420 2338 714 2388 auctoritate
748 2338 838 2386 sibi
872 2355 901 2386 a
938 2339 1135 2387 Christo
1173 2341 1352 2389 tradita
1400 2343 1581 2391 consti-

161 2407 351 2454 tuisse?

230 2473 378 2522 Prob-
416 2476 495 2520 30·
521 2490 583 2521 ex
613 2473 834 2523 Concilio
861 2472 981 2521 Trid
1023 2489 1141 2521 sess.
1167 2476 1248 2523 24.
1275 2492 1381 2524 can.
1412 2477 1458 2524 4.
1532 2479 1587 2526 Si

162 2541 266 2605 quis
289 2540 460 2588 dexerit
495 2540 750 2589 Ecclesiam
794 2559 884 2589 non
916 2542 1125 2605 potuisse
1147 2545 1425 2592 constituere
1440 2546 1588 2610 impe·

164 2611 366 2655 elimenta
404 2609 745 2658 matrimonium
782 2608 1066 2666 dirimentia,
1104 2608 1178 2657 vel
1209 2611 1259 2659 in
1315 2611 1374 2660 iis
1419 2617 1593 2661 consti·

162 2674 346 2722 tuendis
370 2691 566 2734 errasse,
602 2676 850 2724 anathema
876 2676 950 2723 szt-

235 2741 523 2804 Respondet
578 2746 651 2790 10.
707 2743 957 2790 Launoius
1005 2742 1201 2793 nomine
1252 2744 1493 2794 Ecclesiae
1540 2747 1588 2793 in

170 2810 371 2857 Canone
415 2808 550 2857 Trid.
591 2809 835 2874 designari
885 2810 1154 2874 Principes.
1227 2813 1297 2860 At
1344 2812 1465 2861 illud
1516 2819 1590 2867 est

167 2876 377 2923 alienum
420 2891 448 2922 a
487 2891 631 2924 sensu
674 2877 886 2924 omnium
926 2877 1349 2937 Orthodoxorum,
1387 2881 1466 2942 qui
1494 2882 1592 2929 Le-

166 2959 252 3006 ges
277 2944 337 2991 ab
366 2942 592 2991 Ecclesia
635 2944 858 2992 conditas
885 2961 1080 3007 semper
1117 2946 1472 2995 intellexerunt
1499 2947 1598 2996 Le·

168 3026 308 3075 gesa
332 3009 497 3076 primis
525 3010 765 3061 Ecclesiae
790 3012 1070 3062 Pastoribus
1098 3013 1337 3064 conditas.
1389 3014 1595 3076 Insuper

1346 3081 1595 3131 Lutherus
