<?xml version="1.0" encoding="UTF-8"?>
<!DOCTYPE html PUBLIC "-//W3C//DTD XHTML 1.0 Transitional//EN"
    "http://www.w3.org/TR/xhtml1/DTD/xhtml1-transitional.dtd">
<html xmlns="http://www.w3.org/1999/xhtml" xml:lang="en" lang="en">
 <head>
  <title>
</title>
<meta http-equiv="Content-Type" content="text/html;charset=utf-8" />
  <meta name='ocr-system' content='tesseract 3.04.00' />
  <meta name='ocr-capabilities' content='ocr_page ocr_carea ocr_par ocr_line ocrx_word'/>
</head>
<body>
  <div class='ocr_page' id='page_1' title='image "./theologica00bailuoft_0318.png"; bbox 0 0 1846 3250; ppageno 0'>
   <div class='ocr_carea' id='block_1_1' title="bbox 0 0 192 49">
    <p class='ocr_par' dir='ltr' id='par_1_1' title="bbox 0 0 192 49">
     <span class='ocr_line' id='line_1_1' title="bbox 0 0 192 49; baseline 0 3201"><span class='ocrx_word' id='word_1_1' title='bbox 0 0 192 49; x_wconf 95' lang='lat' dir='ltr'> </span> 
     </span>
    </p>
   </div>
   <div class='ocr_carea' id='block_1_2' title="bbox 293 175 1241 256">
    <p class='ocr_par' dir='ltr' id='par_1_2' title="bbox 293 175 1241 256">
     <span class='ocr_line' id='line_1_2' title="bbox 293 175 1241 256; baseline 0.002 -30"><span class='ocrx_word' id='word_1_2' title='bbox 293 178 397 227; x_wconf 65' lang='grc' dir='ltr'>ευ,</span> <span class='ocrx_word' id='word_1_3' title='bbox 475 245 483 256; x_wconf 21' lang='grc' dir='ltr'>ἰ</span> <span class='ocrx_word' id='word_1_4' title='bbox 806 175 1241 228; x_wconf 82' lang='lat' dir='ltr'><strong>TRACTATUS</strong></span> 
     </span>
    </p>
   </div>
   <div class='ocr_carea' id='block_1_3' title="bbox 297 309 1720 446">
    <p class='ocr_par' dir='ltr' id='par_1_3' title="bbox 297 309 1720 446">
     <span class='ocr_line' id='line_1_3' title="bbox 297 309 1720 374; baseline 0.003 -14"><span class='ocrx_word' id='word_1_5' title='bbox 297 310 597 368; x_wconf 86' lang='lat' dir='ltr'>scandalum,</span> <span class='ocrx_word' id='word_1_6' title='bbox 634 309 673 358; x_wconf 88' lang='lat' dir='ltr'>si</span> <span class='ocrx_word' id='word_1_7' title='bbox 695 310 1053 360; x_wconf 83' lang='lat' dir='ltr'><strong>matrimonium</strong></span> <span class='ocrx_word' id='word_1_8' title='bbox 1069 317 1170 374; x_wconf 56' lang='lat' dir='ltr'>,iam</span> <span class='ocrx_word' id='word_1_9' title='bbox 1190 313 1249 361; x_wconf 88' lang='lat' dir='ltr'>sit</span> <span class='ocrx_word' id='word_1_10' title='bbox 1276 322 1603 370; x_wconf 85' lang='lat' dir='ltr'>contractum,</span> <span class='ocrx_word' id='word_1_11' title='bbox 1628 329 1720 364; x_wconf 86' lang='lat' dir='ltr'>nec</span> 
     </span>
     <span class='ocr_line' id='line_1_4' title="bbox 297 378 1598 446; baseline 0.002 -19"><span class='ocrx_word' id='word_1_12' title='bbox 297 390 461 443; x_wconf 82' lang='lat' dir='ltr'>partes</span> <span class='ocrx_word' id='word_1_13' title='bbox 490 379 677 443; x_wconf 83' lang='lat' dir='ltr'>possint</span> <span class='ocrx_word' id='word_1_14' title='bbox 702 378 806 427; x_wconf 85' lang='lat' dir='ltr'>sine</span> <span class='ocrx_word' id='word_1_15' title='bbox 831 380 1009 444; x_wconf 87' lang='lat' dir='ltr'>magno</span> <span class='ocrx_word' id='word_1_16' title='bbox 1033 380 1345 429; x_wconf 87' lang='lat' dir='ltr'>incommodo</span> <span class='ocrx_word' id='word_1_17' title='bbox 1369 382 1598 446; x_wconf 88' lang='lat' dir='ltr'>separari.</span> 
     </span>
    </p>
   </div>
   <div class='ocr_carea' id='block_1_4' title="bbox 571 513 1462 581">
    <p class='ocr_par' dir='ltr' id='par_1_4' title="bbox 571 513 1462 581">
     <span class='ocr_line' id='line_1_5' title="bbox 571 513 1462 581; baseline 0.001 -18"><span class='ocrx_word' id='word_1_18' title='bbox 571 514 652 563; x_wconf 85' lang='lat' dir='ltr'>De</span> <span class='ocrx_word' id='word_1_19' title='bbox 685 513 1008 579; x_wconf 79' lang='lat' dir='ltr'>impedimento</span> <span class='ocrx_word' id='word_1_20' title='bbox 1041 514 1245 581; x_wconf 75' lang='lat' dir='ltr'>disparis</span> <span class='ocrx_word' id='word_1_21' title='bbox 1284 515 1462 565; x_wconf 58' lang='lat' dir='ltr'>Cultu&amp;</span> 
     </span>
    </p>
   </div>
   <div class='ocr_carea' id='block_1_5' title="bbox 286 646 1722 1838">
    <p class='ocr_par' dir='ltr' id='par_1_5' title="bbox 289 646 1718 1307">
     <span class='ocr_line' id='line_1_6' title="bbox 363 646 1718 712; baseline 0.002 -15"><span class='ocrx_word' id='word_1_22' title='bbox 363 646 777 712; x_wconf 87' lang='lat' dir='ltr'>Impedimentum</span> <span class='ocrx_word' id='word_1_23' title='bbox 817 647 939 695; x_wconf 89' lang='lat' dir='ltr'>illud</span> <span class='ocrx_word' id='word_1_24' title='bbox 979 664 1077 696; x_wconf 85' lang='lat' dir='ltr'>ex</span> <span class='ocrx_word' id='word_1_25' title='bbox 1094 647 1286 696; x_wconf 88' lang='lat' dir='ltr'>diversa</span> <span class='ocrx_word' id='word_1_26' title='bbox 1327 649 1718 700; x_wconf 85' lang='lat' dir='ltr'>contrahentium</span> 
     </span>
     <span class='ocr_line' id='line_1_7' title="bbox 297 715 1718 793; baseline 0.003 -29"><span class='ocrx_word' id='word_1_27' title='bbox 297 716 559 793; x_wconf 81' lang='lat' dir='ltr'>Religione</span> <span class='ocrx_word' id='word_1_28' title='bbox 583 715 813 764; x_wconf 85' lang='lat' dir='ltr'>nascitur.</span> <span class='ocrx_word' id='word_1_29' title='bbox 871 715 1047 764; x_wconf 89' lang='lat' dir='ltr'>Cultus</span> <span class='ocrx_word' id='word_1_30' title='bbox 1073 724 1236 763; x_wconf 88' lang='lat' dir='ltr'>autem</span> <span class='ocrx_word' id='word_1_31' title='bbox 1258 715 1512 780; x_wconf 77' lang='lat' dir='ltr'>disparitns</span> <span class='ocrx_word' id='word_1_32' title='bbox 1535 718 1597 766; x_wconf 89' lang='lat' dir='ltr'>de</span> <span class='ocrx_word' id='word_1_33' title='bbox 1622 736 1718 782; x_wconf 83' lang='lat' dir='ltr'>qua</span> 
     </span>
     <span class='ocr_line' id='line_1_8' title="bbox 293 781 1717 849; baseline 0.004 -19"><span class='ocrx_word' id='word_1_34' title='bbox 293 783 377 832; x_wconf 86' lang='lat' dir='ltr'>hic</span> <span class='ocrx_word' id='word_1_35' title='bbox 417 783 595 847; x_wconf 87' lang='lat' dir='ltr'>agitur,</span> <span class='ocrx_word' id='word_1_36' title='bbox 633 799 693 831; x_wconf 87' lang='lat' dir='ltr'>ea</span> <span class='ocrx_word' id='word_1_37' title='bbox 732 791 808 831; x_wconf 87' lang='lat' dir='ltr'>est</span> <span class='ocrx_word' id='word_1_38' title='bbox 842 798 951 846; x_wconf 90' lang='lat' dir='ltr'>quae</span> <span class='ocrx_word' id='word_1_39' title='bbox 987 781 1249 831; x_wconf 81' lang='lat' dir='ltr'><strong>intercedit</strong></span> <span class='ocrx_word' id='word_1_40' title='bbox 1284 784 1411 831; x_wconf 90' lang='lat' dir='ltr'>inter</span> <span class='ocrx_word' id='word_1_41' title='bbox 1444 784 1717 849; x_wconf 86' lang='lat' dir='ltr'>baptizatos</span> 
     </span>
     <span class='ocr_line' id='line_1_9' title="bbox 292 849 1717 913; baseline 0.001 -14"><span class='ocrx_word' id='word_1_42' title='bbox 292 861 346 899; x_wconf 86' lang='lat' dir='ltr'>et</span> <span class='ocrx_word' id='word_1_43' title='bbox 392 866 489 899; x_wconf 90' lang='lat' dir='ltr'>non</span> <span class='ocrx_word' id='word_1_44' title='bbox 523 851 815 913; x_wconf 85' lang='lat' dir='ltr'>baptizatos,</span> <span class='ocrx_word' id='word_1_45' title='bbox 865 849 1033 912; x_wconf 89' lang='lat' dir='ltr'>quales</span> <span class='ocrx_word' id='word_1_46' title='bbox 1079 860 1192 899; x_wconf 82' lang='lat' dir='ltr'>sunt</span> <span class='ocrx_word' id='word_1_47' title='bbox 1242 851 1483 909; x_wconf 84' lang='lat' dir='ltr'>Gentiles,</span> <span class='ocrx_word' id='word_1_48' title='bbox 1537 853 1717 911; x_wconf 82' lang='lat' dir='ltr'>Judaei,</span> 
     </span>
     <span class='ocr_line' id='line_1_10' title="bbox 295 917 1718 982; baseline 0.002 -15"><span class='ocrx_word' id='word_1_49' title='bbox 295 918 504 976; x_wconf 84' lang='lat' dir='ltr'>Turcae3</span> <span class='ocrx_word' id='word_1_50' title='bbox 540 933 635 964; x_wconf 90' lang='lat' dir='ltr'>non</span> <span class='ocrx_word' id='word_1_51' title='bbox 662 928 826 966; x_wconf 87' lang='lat' dir='ltr'>autem</span> <span class='ocrx_word' id='word_1_52' title='bbox 851 932 911 965; x_wconf 84' lang='lat' dir='ltr'>ea</span> <span class='ocrx_word' id='word_1_53' title='bbox 945 933 1054 982; x_wconf 88' lang='lat' dir='ltr'>quae</span> <span class='ocrx_word' id='word_1_54' title='bbox 1096 917 1337 981; x_wconf 88' lang='lat' dir='ltr'>reperitur</span> <span class='ocrx_word' id='word_1_55' title='bbox 1374 918 1501 968; x_wconf 88' lang='lat' dir='ltr'>inter</span> <span class='ocrx_word' id='word_1_56' title='bbox 1525 918 1718 970; x_wconf 83' lang='lat' dir='ltr'>Fideles</span> 
     </span>
     <span class='ocr_line' id='line_1_11' title="bbox 295 985 667 1034; baseline -0.003 0"><span class='ocrx_word' id='word_1_57' title='bbox 295 996 346 1034; x_wconf 86' lang='lat' dir='ltr'>et</span> <span class='ocrx_word' id='word_1_58' title='bbox 373 985 667 1034; x_wconf 85' lang='lat' dir='ltr'>Haereticos</span> 
     </span>
     <span class='ocr_line' id='line_1_12' title="bbox 289 1049 1717 1119; baseline 0.001 -17"><span class='ocrx_word' id='word_1_59' title='bbox 289 1081 291 1083; x_wconf 96' lang='lat'>·</span> <span class='ocrx_word' id='word_1_60' title='bbox 362 1054 565 1102; x_wconf 83' lang='lat' dir='ltr'>Certum</span> <span class='ocrx_word' id='word_1_61' title='bbox 592 1062 667 1101; x_wconf 86' lang='lat' dir='ltr'>est</span> <span class='ocrx_word' id='word_1_62' title='bbox 700 1051 828 1100; x_wconf 87' lang='lat' dir='ltr'>hanc</span> <span class='ocrx_word' id='word_1_63' title='bbox 863 1049 1198 1114; x_wconf 78' lang='lat' dir='ltr'>disparitatem</span> <span class='ocrx_word' id='word_1_64' title='bbox 1235 1053 1396 1101; x_wconf 87' lang='lat' dir='ltr'>cultus</span> <span class='ocrx_word' id='word_1_65' title='bbox 1433 1069 1540 1101; x_wconf 83' lang='lat' dir='ltr'>esse</span> <span class='ocrx_word' id='word_1_66' title='bbox 1563 1053 1717 1119; x_wconf 88' lang='lat' dir='ltr'>impe-</span> 
     </span>
     <span class='ocr_line' id='line_1_13' title="bbox 292 1118 1716 1182; baseline 0.001 -14"><span class='ocrx_word' id='word_1_67' title='bbox 292 1119 564 1168; x_wconf 88' lang='lat' dir='ltr'>dimentum</span> <span class='ocrx_word' id='word_1_68' title='bbox 612 1118 842 1166; x_wconf 85' lang='lat' dir='ltr'>dirimens</span> <span class='ocrx_word' id='word_1_69' title='bbox 876 1118 978 1166; x_wconf 83' lang='lat' dir='ltr'>sive</span> <span class='ocrx_word' id='word_1_70' title='bbox 1015 1134 1079 1165; x_wconf 87' lang='lat' dir='ltr'>ex</span> <span class='ocrx_word' id='word_1_71' title='bbox 1128 1136 1236 1182; x_wconf 86' lang='lat' dir='ltr'>cap.</span> <span class='ocrx_word' id='word_1_72' title='bbox 1276 1122 1415 1176; x_wconf 78' lang='lat' dir='ltr'>Cave,</span> <span class='ocrx_word' id='word_1_73' title='bbox 1453 1137 1600 1170; x_wconf 82' lang='lat' dir='ltr'>causa</span> <span class='ocrx_word' id='word_1_74' title='bbox 1637 1125 1716 1169; x_wconf 74' lang='lat'>28.</span> 
     </span>
     <span class='ocr_line' id='line_1_14' title="bbox 291 1186 1712 1251; baseline 0.003 -17"><span class='ocrx_word' id='word_1_75' title='bbox 291 1203 343 1251; x_wconf 86' lang='lat' dir='ltr'>q.</span> <span class='ocrx_word' id='word_1_76' title='bbox 374 1190 414 1234; x_wconf 87' lang='lat' dir='ltr'>l.</span> <span class='ocrx_word' id='word_1_77' title='bbox 440 1197 491 1234; x_wconf 88' lang='lat' dir='ltr'>et</span> <span class='ocrx_word' id='word_1_78' title='bbox 525 1203 590 1234; x_wconf 84' lang='lat' dir='ltr'>ex</span> <span class='ocrx_word' id='word_1_79' title='bbox 617 1186 834 1241; x_wconf 70' lang='lat' dir='ltr'>CanOne,</span> <span class='ocrx_word' id='word_1_80' title='bbox 876 1186 929 1234; x_wconf 77' lang='lat' dir='ltr'>Si</span> <span class='ocrx_word' id='word_1_81' title='bbox 965 1186 1085 1250; x_wconf 76' lang='lat' dir='ltr'>quis,</span> <span class='ocrx_word' id='word_1_82' title='bbox 1120 1186 1334 1242; x_wconf 81' lang='lat' dir='ltr'>ibidem3</span> <span class='ocrx_word' id='word_1_83' title='bbox 1370 1188 1471 1235; x_wconf 87' lang='lat' dir='ltr'>sive</span> <span class='ocrx_word' id='word_1_84' title='bbox 1507 1205 1571 1236; x_wconf 87' lang='lat' dir='ltr'>ex</span> <span class='ocrx_word' id='word_1_85' title='bbox 1597 1205 1712 1237; x_wconf 88' lang='lat' dir='ltr'>con·-</span> 
     </span>
     <span class='ocr_line' id='line_1_15' title="bbox 291 1252 1617 1307; baseline 0.002 -7"><span class='ocrx_word' id='word_1_86' title='bbox 291 1254 555 1302; x_wconf 86' lang='lat' dir='ltr'>suetudine</span> <span class='ocrx_word' id='word_1_87' title='bbox 583 1252 821 1300; x_wconf 79' lang='lat' dir='ltr'>Ecelesiae</span> <span class='ocrx_word' id='word_1_88' title='bbox 847 1272 859 1307; x_wconf 90' lang='lat'>;</span> <span class='ocrx_word' id='word_1_89' title='bbox 894 1252 996 1298; x_wconf 88' lang='lat' dir='ltr'>sive</span> <span class='ocrx_word' id='word_1_90' title='bbox 1022 1269 1086 1298; x_wconf 83' lang='lat' dir='ltr'>ex</span> <span class='ocrx_word' id='word_1_91' title='bbox 1114 1269 1354 1300; x_wconf 85' lang='lat' dir='ltr'>consensu</span> <span class='ocrx_word' id='word_1_92' title='bbox 1380 1255 1617 1303; x_wconf 64' lang='lat' dir='ltr'>omniurn.&gt;</span> 
     </span>
    </p>

    <p class='ocr_par' dir='ltr' id='par_1_6' title="bbox 286 1319 1722 1838">
     <span class='ocr_line' id='line_1_16' title="bbox 360 1319 1710 1382; baseline 0.001 -14"><span class='ocrx_word' id='word_1_93' title='bbox 360 1321 428 1368; x_wconf 82' lang='lat' dir='ltr'>R.</span> <span class='ocrx_word' id='word_1_94' title='bbox 465 1319 728 1368; x_wconf 87' lang='lat' dir='ltr'>convenire</span> <span class='ocrx_word' id='word_1_95' title='bbox 775 1335 945 1366; x_wconf 86' lang='lat' dir='ltr'>omnes</span> <span class='ocrx_word' id='word_1_96' title='bbox 993 1319 1396 1382; x_wconf 84' lang='lat' dir='ltr'>impedimentum</span> <span class='ocrx_word' id='word_1_97' title='bbox 1451 1321 1571 1369; x_wconf 91' lang='lat' dir='ltr'>illud</span> <span class='ocrx_word' id='word_1_98' title='bbox 1615 1338 1710 1370; x_wconf 88' lang='lat' dir='ltr'>non</span> 
     </span>
     <span class='ocr_line' id='line_1_17' title="bbox 288 1385 1711 1448; baseline 0.002 -14"><span class='ocrx_word' id='word_1_99' title='bbox 288 1387 479 1435; x_wconf 81' lang='lat' dir='ltr'>irritare</span> <span class='ocrx_word' id='word_1_100' title='bbox 519 1385 877 1435; x_wconf 79' lang='lat' dir='ltr'>matrimonium</span> <span class='ocrx_word' id='word_1_101' title='bbox 915 1387 1025 1448; x_wconf 83' lang='lat' dir='ltr'>jure</span> <span class='ocrx_word' id='word_1_102' title='bbox 1067 1387 1277 1438; x_wconf 85' lang='lat' dir='ltr'>naturali</span> <span class='ocrx_word' id='word_1_103' title='bbox 1319 1398 1368 1435; x_wconf 92' lang='lat' dir='ltr'>et</span> <span class='ocrx_word' id='word_1_104' title='bbox 1407 1388 1586 1446; x_wconf 81' lang='lat' dir='ltr'>divino,</span> <span class='ocrx_word' id='word_1_105' title='bbox 1623 1390 1711 1437; x_wconf 86' lang='lat' dir='ltr'>sed</span> 
     </span>
     <span class='ocr_line' id='line_1_18' title="bbox 289 1452 1722 1516; baseline 0.001 -14"><span class='ocrx_word' id='word_1_106' title='bbox 289 1464 480 1504; x_wconf 82' lang='lat' dir='ltr'>tantum</span> <span class='ocrx_word' id='word_1_107' title='bbox 507 1459 618 1516; x_wconf 84' lang='lat' dir='ltr'>jure</span> <span class='ocrx_word' id='word_1_108' title='bbox 644 1452 1008 1508; x_wconf 64' lang='lat' dir='ltr'>ecclesiasticm</span> <span class='ocrx_word' id='word_1_109' title='bbox 1044 1453 1248 1515; x_wconf 85' lang='lat' dir='ltr'>prionde</span> <span class='ocrx_word' id='word_1_110' title='bbox 1291 1455 1437 1503; x_wconf 84' lang='lat' dir='ltr'>rectis</span> <span class='ocrx_word' id='word_1_111' title='bbox 1476 1456 1537 1504; x_wconf 89' lang='lat' dir='ltr'>de</span> <span class='ocrx_word' id='word_1_112' title='bbox 1568 1457 1722 1504; x_wconf 84' lang='lat' dir='ltr'>ratio-&#39;</span> 
     </span>
     <span class='ocr_line' id='line_1_19' title="bbox 288 1519 1712 1584; baseline 0.004 -16"><span class='ocrx_word' id='word_1_113' title='bbox 288 1522 433 1570; x_wconf 88' lang='lat' dir='ltr'>nibus</span> <span class='ocrx_word' id='word_1_114' title='bbox 478 1531 641 1584; x_wconf 89' lang='lat' dir='ltr'>potest</span> <span class='ocrx_word' id='word_1_115' title='bbox 682 1522 778 1568; x_wconf 87' lang='lat' dir='ltr'>hoc</span> <span class='ocrx_word' id='word_1_116' title='bbox 820 1519 1156 1583; x_wconf 86' lang='lat' dir='ltr'>impedimenti</span> <span class='ocrx_word' id='word_1_117' title='bbox 1192 1538 1347 1584; x_wconf 86' lang='lat' dir='ltr'>genus</span> <span class='ocrx_word' id='word_1_118' title='bbox 1384 1524 1443 1569; x_wconf 89' lang='lat' dir='ltr'>ab</span> <span class='ocrx_word' id='word_1_119' title='bbox 1487 1524 1712 1573; x_wconf 80' lang='lat' dir='ltr'>Ecclesia</span> 
     </span>
     <span class='ocr_line' id='line_1_20' title="bbox 287 1588 1711 1638; baseline 0.002 -3"><span class='ocrx_word' id='word_1_120' title='bbox 287 1589 517 1637; x_wconf 79' lang='lat' dir='ltr'>relaxari.</span> <span class='ocrx_word' id='word_1_121' title='bbox 591 1590 833 1637; x_wconf 81' lang='lat' dir='ltr'>Caeterum</span> <span class='ocrx_word' id='word_1_122' title='bbox 870 1602 984 1638; x_wconf 82' lang='lat' dir='ltr'>cum</span> <span class='ocrx_word' id='word_1_123' title='bbox 1011 1588 1163 1635; x_wconf 87' lang='lat' dir='ltr'>multa</span> <span class='ocrx_word' id='word_1_124' title='bbox 1193 1588 1255 1635; x_wconf 89' lang='lat' dir='ltr'>de</span> <span class='ocrx_word' id='word_1_125' title='bbox 1292 1590 1604 1638; x_wconf 82' lang='lat' dir='ltr'>matrimoniis</span> <span class='ocrx_word' id='word_1_126' title='bbox 1631 1592 1711 1638; x_wconf 88' lang='lat' dir='ltr'>In-</span> 
     </span>
     <span class='ocr_line' id='line_1_21' title="bbox 286 1653 1709 1705; baseline 0.002 -3"><span class='ocrx_word' id='word_1_127' title='bbox 286 1655 505 1703; x_wconf 83' lang='lat' dir='ltr'>fidelium</span> <span class='ocrx_word' id='word_1_128' title='bbox 545 1665 595 1702; x_wconf 90' lang='lat' dir='ltr'>et</span> <span class='ocrx_word' id='word_1_129' title='bbox 635 1653 996 1700; x_wconf 86' lang='lat' dir='ltr'>Haereticorum</span> <span class='ocrx_word' id='word_1_130' title='bbox 1038 1654 1139 1701; x_wconf 89' lang='lat' dir='ltr'>sive</span> <span class='ocrx_word' id='word_1_131' title='bbox 1174 1654 1301 1702; x_wconf 90' lang='lat' dir='ltr'>inter</span> <span class='ocrx_word' id='word_1_132' title='bbox 1346 1673 1399 1703; x_wconf 89' lang='lat' dir='ltr'>se</span> <span class='ocrx_word' id='word_1_133' title='bbox 1447 1658 1547 1704; x_wconf 87' lang='lat' dir='ltr'>sive</span> <span class='ocrx_word' id='word_1_134' title='bbox 1596 1673 1709 1705; x_wconf 88' lang='lat' dir='ltr'>cum</span> 
     </span>
     <span class='ocr_line' id='line_1_22' title="bbox 291 1720 1707 1778; baseline 0.001 -7"><span class='ocrx_word' id='word_1_135' title='bbox 291 1722 560 1771; x_wconf 86' lang='lat' dir='ltr'>Catholicis</span> <span class='ocrx_word' id='word_1_136' title='bbox 601 1720 969 1768; x_wconf 85' lang='lat' dir='ltr'>disseruerimus</span> <span class='ocrx_word' id='word_1_137' title='bbox 1007 1729 1168 1778; x_wconf 88' lang='lat' dir='ltr'>antea,</span> <span class='ocrx_word' id='word_1_138' title='bbox 1207 1721 1324 1768; x_wconf 86' lang='lat' dir='ltr'>nihil</span> <span class='ocrx_word' id='word_1_139' title='bbox 1357 1738 1416 1771; x_wconf 87' lang='lat' dir='ltr'>eo</span> <span class='ocrx_word' id='word_1_140' title='bbox 1442 1725 1535 1772; x_wconf 88' lang='lat' dir='ltr'>loci</span> <span class='ocrx_word' id='word_1_141' title='bbox 1563 1740 1623 1773; x_wconf 84' lang='lat' dir='ltr'>ea</span> <span class='ocrx_word' id='word_1_142' title='bbox 1646 1725 1707 1773; x_wconf 89' lang='lat' dir='ltr'>de</span> 
     </span>
     <span class='ocr_line' id='line_1_23' title="bbox 287 1786 1115 1838; baseline -0.002 -3"><span class='ocrx_word' id='word_1_143' title='bbox 287 1805 341 1838; x_wconf 81' lang='lat' dir='ltr'>re</span> <span class='ocrx_word' id='word_1_144' title='bbox 367 1787 571 1838; x_wconf 85' lang='lat' dir='ltr'>ulterius</span> <span class='ocrx_word' id='word_1_145' title='bbox 595 1786 857 1836; x_wconf 87' lang='lat' dir='ltr'>dicendum</span> <span class='ocrx_word' id='word_1_146' title='bbox 884 1787 1115 1835; x_wconf 81' lang='lat' dir='ltr'>occurrit.</span> 
     </span>
    </p>
   </div>
   <div class='ocr_carea' id='block_1_6' title="bbox 558 1921 1448 1988">
    <p class='ocr_par' dir='ltr' id='par_1_7' title="bbox 558 1921 1448 1988">
     <span class='ocr_line' id='line_1_24' title="bbox 558 1921 1448 1988; baseline 0.001 -17"><span class='ocrx_word' id='word_1_147' title='bbox 558 1921 642 1971; x_wconf 86' lang='lat' dir='ltr'>De</span> <span class='ocrx_word' id='word_1_148' title='bbox 669 1921 998 1988; x_wconf 73' lang='lat' dir='ltr'>impedimento</span> <span class='ocrx_word' id='word_1_149' title='bbox 1046 1922 1123 1969; x_wconf 78' lang='lat' dir='ltr'>Vis</span> <span class='ocrx_word' id='word_1_150' title='bbox 1155 1939 1235 1971; x_wconf 77' lang='lat' dir='ltr'>seu</span> <span class='ocrx_word' id='word_1_151' title='bbox 1274 1924 1448 1972; x_wconf 78' lang='lat' dir='ltr'>Metus.</span> 
     </span>
    </p>
   </div>
   <div class='ocr_carea' id='block_1_7' title="bbox 266 2056 1709 3042">
    <p class='ocr_par' dir='ltr' id='par_1_8' title="bbox 266 2056 1709 3042">
     <span class='ocr_line' id='line_1_25' title="bbox 276 2056 1707 2119; baseline -0.001 -10"><span class='ocrx_word' id='word_1_152' title='bbox 276 2064 283 2069; x_wconf 76' lang='grc'><strong><em>’</em></strong></span> <span class='ocrx_word' id='word_1_153' title='bbox 358 2060 561 2109; x_wconf 85' lang='lat' dir='ltr'>Certum</span> <span class='ocrx_word' id='word_1_154' title='bbox 587 2067 660 2106; x_wconf 88' lang='lat' dir='ltr'>est</span> <span class='ocrx_word' id='word_1_155' title='bbox 704 2065 887 2104; x_wconf 88' lang='lat' dir='ltr'>metum</span> <span class='ocrx_word' id='word_1_156' title='bbox 920 2070 1118 2119; x_wconf 85' lang='lat' dir='ltr'>gravem</span> <span class='ocrx_word' id='word_1_157' title='bbox 1146 2065 1209 2103; x_wconf 83' lang='lat' dir='ltr'>&#39;et</span> <span class='ocrx_word' id='word_1_158' title='bbox 1251 2056 1707 2119; x_wconf 76' lang='lat' dir='ltr'>injusteincussum</span> 
     </span>
     <span class='ocr_line' id='line_1_26' title="bbox 278 2123 1705 2189; baseline -0.002 -14"><span class='ocrx_word' id='word_1_159' title='bbox 278 2143 392 2175; x_wconf 78' lang='lat' dir='ltr'>esse</span> <span class='ocrx_word' id='word_1_160' title='bbox 417 2124 819 2189; x_wconf 82' lang='lat' dir='ltr'>impedimentum</span> <span class='ocrx_word' id='word_1_161' title='bbox 846 2139 943 2186; x_wconf 83' lang='lat' dir='ltr'>quo</span> <span class='ocrx_word' id='word_1_162' title='bbox 982 2123 1340 2171; x_wconf 82' lang='lat' dir='ltr'>matrimonium</span> <span class='ocrx_word' id='word_1_163' title='bbox 1377 2125 1618 2173; x_wconf 86' lang='lat' dir='ltr'>dirimitur</span> <span class='ocrx_word' id='word_1_164' title='bbox 1641 2142 1705 2174; x_wconf 88' lang='lat' dir='ltr'>ex</span> 
     </span>
     <span class='ocr_line' id='line_1_27' title="bbox 268 2190 1706 2258; baseline -0.001 -17"><span class='ocrx_word' id='word_1_165' title='bbox 268 2252 270 2254; x_wconf 21' lang='grc' dir='ltr'>Ι</span> <span class='ocrx_word' id='word_1_166' title='bbox 285 2210 398 2258; x_wconf 84' lang='lat' dir='ltr'>cap.</span> <span class='ocrx_word' id='word_1_167' title='bbox 435 2193 641 2244; x_wconf 79' lang='lat' dir='ltr'>Veniens,</span> <span class='ocrx_word' id='word_1_168' title='bbox 681 2200 729 2237; x_wconf 90' lang='lat' dir='ltr'>et</span> <span class='ocrx_word' id='word_1_169' title='bbox 766 2205 829 2237; x_wconf 84' lang='lat' dir='ltr'>ex</span> <span class='ocrx_word' id='word_1_170' title='bbox 868 2205 976 2252; x_wconf 86' lang='lat' dir='ltr'>cap.</span> <span class='ocrx_word' id='word_1_171' title='bbox 1032 2190 1391 2245; x_wconf 73' lang='lat' dir='ltr'>Consultationi,</span> <span class='ocrx_word' id='word_1_172' title='bbox 1429 2192 1510 2240; x_wconf 85' lang='lat' dir='ltr'>lib.</span> <span class='ocrx_word' id='word_1_173' title='bbox 1546 2196 1594 2238; x_wconf 88' lang='grc'>4.</span> <span class='ocrx_word' id='word_1_174' title='bbox 1632 2192 1706 2240; x_wconf 89' lang='lat' dir='ltr'>tit.</span> 
     </span>
     <span class='ocr_line' id='line_1_28' title="bbox 292 2255 1706 2322; baseline -0.002 -14"><span class='ocrx_word' id='word_1_175' title='bbox 292 2264 335 2308; x_wconf 89' lang='lat'>1.</span> <span class='ocrx_word' id='word_1_176' title='bbox 368 2260 432 2321; x_wconf 86' lang='lat' dir='ltr'>de</span> <span class='ocrx_word' id='word_1_177' title='bbox 460 2259 526 2322; x_wconf 90' lang='lat' dir='ltr'>Sp</span> <span class='ocrx_word' id='word_1_178' title='bbox 532 2258 681 2305; x_wconf 86' lang='lat' dir='ltr'>onsal.</span> <span class='ocrx_word' id='word_1_179' title='bbox 718 2266 769 2304; x_wconf 91' lang='lat' dir='ltr'>et</span> <span class='ocrx_word' id='word_1_180' title='bbox 794 2255 987 2317; x_wconf 88' lang='lat' dir='ltr'>quidem</span> <span class='ocrx_word' id='word_1_181' title='bbox 1029 2257 1221 2303; x_wconf 86' lang='lat' dir='ltr'>merito.</span> <span class='ocrx_word' id='word_1_182' title='bbox 1292 2259 1417 2305; x_wconf 88' lang='lat' dir='ltr'>Cum</span> <span class='ocrx_word' id='word_1_183' title='bbox 1455 2258 1580 2305; x_wconf 87' lang='lat' dir='ltr'>enim</span> <span class='ocrx_word' id='word_1_184' title='bbox 1608 2274 1706 2306; x_wconf 83' lang='lat' dir='ltr'>ma-</span> 
     </span>
     <span class='ocr_line' id='line_1_29' title="bbox 284 2321 1706 2385; baseline -0.002 -9"><span class='ocrx_word' id='word_1_185' title='bbox 284 2325 565 2376; x_wconf 89' lang='lat' dir='ltr'>trimonium</span> <span class='ocrx_word' id='word_1_186' title='bbox 589 2323 781 2372; x_wconf 83' lang='lat' dir='ltr'>dissolvi</span> <span class='ocrx_word' id='word_1_187' title='bbox 807 2336 1036 2385; x_wconf 79' lang='lat' dir='ltr'>nequeat,</span> <span class='ocrx_word' id='word_1_188' title='bbox 1073 2322 1219 2384; x_wconf 87' lang='lat' dir='ltr'>plena</span> <span class='ocrx_word' id='word_1_189' title='bbox 1254 2321 1402 2370; x_wconf 89' lang='lat' dir='ltr'>debet</span> <span class='ocrx_word' id='word_1_190' title='bbox 1443 2325 1706 2373; x_wconf 83' lang='lat' dir='ltr'>securitate</span> 
     </span>
     <span class='ocr_line' id='line_1_30' title="bbox 285 2389 1709 2459; baseline -0.003 -16"><span class='ocrx_word' id='word_1_191' title='bbox 285 2394 521 2459; x_wconf 84' lang='lat' dir='ltr'>gaudere,</span> <span class='ocrx_word' id='word_1_192' title='bbox 559 2408 621 2440; x_wconf 86' lang='lat' dir='ltr'>ne</span> <span class='ocrx_word' id='word_1_193' title='bbox 663 2394 849 2452; x_wconf 73' lang='lat' dir='ltr'>conjux</span> <span class='ocrx_word' id='word_1_194' title='bbox 870 2405 957 2453; x_wconf 87' lang='lat' dir='ltr'>per</span> <span class='ocrx_word' id='word_1_195' title='bbox 991 2389 1213 2436; x_wconf 89' lang='lat' dir='ltr'>timorem</span> <span class='ocrx_word' id='word_1_196' title='bbox 1240 2389 1373 2436; x_wconf 89' lang='lat' dir='ltr'>dicat</span> <span class='ocrx_word' id='word_1_197' title='bbox 1397 2390 1486 2438; x_wconf 89' lang='lat' dir='ltr'>sibi</span> <span class='ocrx_word' id='word_1_198' title='bbox 1512 2392 1709 2454; x_wconf 86' lang='lat' dir='ltr'>placere</span> 
     </span>
     <span class='ocr_line' id='line_1_31' title="bbox 288 2455 1706 2526; baseline -0.002 -17"><span class='ocrx_word' id='word_1_199' title='bbox 288 2461 423 2526; x_wconf 87' lang='lat' dir='ltr'>quod</span> <span class='ocrx_word' id='word_1_200' title='bbox 447 2460 567 2516; x_wconf 87' lang='lat' dir='ltr'>odit,</span> <span class='ocrx_word' id='word_1_201' title='bbox 603 2468 652 2507; x_wconf 91' lang='lat' dir='ltr'>et</span> <span class='ocrx_word' id='word_1_202' title='bbox 676 2467 912 2520; x_wconf 86' lang='lat' dir='ltr'>sequatur</span> <span class='ocrx_word' id='word_1_203' title='bbox 945 2455 1115 2504; x_wconf 87' lang='lat' dir='ltr'>infelix</span> <span class='ocrx_word' id='word_1_204' title='bbox 1141 2455 1301 2504; x_wconf 86' lang='lat' dir='ltr'>exitus</span> <span class='ocrx_word' id='word_1_205' title='bbox 1341 2458 1424 2521; x_wconf 86' lang='lat' dir='ltr'>qui</span> <span class='ocrx_word' id='word_1_206' title='bbox 1458 2474 1522 2506; x_wconf 86' lang='lat' dir='ltr'>ex</span> <span class='ocrx_word' id='word_1_207' title='bbox 1548 2458 1706 2506; x_wconf 88' lang='lat' dir='ltr'>invitis</span> 
     </span>
     <span class='ocr_line' id='line_1_32' title="bbox 286 2525 915 2592; baseline -0.008 -16"><span class='ocrx_word' id='word_1_208' title='bbox 286 2528 469 2592; x_wconf 81' lang='lat' dir='ltr'>nuptiis</span> <span class='ocrx_word' id='word_1_209' title='bbox 493 2527 617 2574; x_wconf 87' lang='lat' dir='ltr'>solet</span> <span class='ocrx_word' id='word_1_210' title='bbox 643 2525 915 2589; x_wconf 83' lang='lat' dir='ltr'>provenire.</span> 
     </span>
     <span class='ocr_line' id='line_1_33' title="bbox 364 2589 1705 2655; baseline -0.001 -13"><span class='ocrx_word' id='word_1_211' title='bbox 364 2595 560 2654; x_wconf 68' lang='lat' dir='ltr'>Quaeres</span> <span class='ocrx_word' id='word_1_212' title='bbox 588 2596 664 2641; x_wconf 78' lang='lat'>10</span> <span class='ocrx_word' id='word_1_213' title='bbox 701 2592 816 2655; x_wconf 87' lang='lat' dir='ltr'>quid</span> <span class='ocrx_word' id='word_1_214' title='bbox 840 2589 1126 2655; x_wconf 84' lang='lat' dir='ltr'>requiratur</span> <span class='ocrx_word' id='word_1_215' title='bbox 1166 2599 1219 2637; x_wconf 91' lang='lat' dir='ltr'>ut</span> <span class='ocrx_word' id='word_1_216' title='bbox 1266 2601 1425 2640; x_wconf 85' lang='lat' dir='ltr'>metus</span> <span class='ocrx_word' id='word_1_217' title='bbox 1461 2592 1705 2641; x_wconf 83' lang='lat' dir='ltr'>matrimo-</span> 
     </span>
     <span class='ocr_line' id='line_1_34' title="bbox 285 2659 787 2709; baseline -0.008 0"><span class='ocrx_word' id='word_1_218' title='bbox 285 2661 421 2709; x_wconf 86' lang='lat' dir='ltr'>nium</span> <span class='ocrx_word' id='word_1_219' title='bbox 447 2659 681 2707; x_wconf 79' lang='lat' dir='ltr'>dirimat?</span> <span class='ocrx_word' id='word_1_220' title='bbox 784 2698 787 2699; x_wconf 16' lang='grc' dir='ltr'><em>γ</em></span> 
     </span>
     <span class='ocr_line' id='line_1_35' title="bbox 355 2722 1708 2790; baseline -0.001 -14"><span class='ocrx_word' id='word_1_221' title='bbox 355 2730 420 2777; x_wconf 83' lang='lat' dir='ltr'>R.</span> <span class='ocrx_word' id='word_1_222' title='bbox 455 2726 635 2790; x_wconf 87' lang='lat' dir='ltr'>requiri</span> <span class='ocrx_word' id='word_1_223' title='bbox 682 2729 753 2772; x_wconf 88' lang='lat'>1⁰.</span> <span class='ocrx_word' id='word_1_224' title='bbox 791 2734 843 2772; x_wconf 90' lang='lat' dir='ltr'>ut</span> <span class='ocrx_word' id='word_1_225' title='bbox 891 2733 1049 2771; x_wconf 86' lang='lat' dir='ltr'>metus</span> <span class='ocrx_word' id='word_1_226' title='bbox 1072 2722 1165 2771; x_wconf 74' lang='lat' dir='ltr'>ville</span> <span class='ocrx_word' id='word_1_227' title='bbox 1201 2723 1264 2772; x_wconf 83' lang='lat' dir='ltr'>sit</span> <span class='ocrx_word' id='word_1_228' title='bbox 1289 2725 1484 2788; x_wconf 76' lang='lat' dir='ltr'>gravis,</span> <span class='ocrx_word' id='word_1_229' title='bbox 1538 2735 1589 2774; x_wconf 84' lang='lat' dir='ltr'>et</span> <span class='ocrx_word' id='word_1_230' title='bbox 1626 2741 1708 2775; x_wconf 86' lang='lat' dir='ltr'>ca-</span> 
     </span>
     <span class='ocr_line' id='line_1_36' title="bbox 278 2792 1708 2869; baseline -0.001 -26"><span class='ocrx_word' id='word_1_231' title='bbox 278 2796 426 2852; x_wconf 83' lang='lat' dir='ltr'>-dens,</span> <span class='ocrx_word' id='word_1_232' title='bbox 469 2804 523 2841; x_wconf 90' lang='lat' dir='ltr'>ut</span> <span class='ocrx_word' id='word_1_233' title='bbox 571 2794 721 2849; x_wconf 81' lang='lat' dir='ltr'>aiunt,</span> <span class='ocrx_word' id='word_1_234' title='bbox 760 2792 808 2838; x_wconf 89' lang='lat' dir='ltr'>in</span> <span class='ocrx_word' id='word_1_235' title='bbox 855 2800 1161 2840; x_wconf 86' lang='lat' dir='ltr'>constantem</span> <span class='ocrx_word' id='word_1_236' title='bbox 1209 2792 1378 2850; x_wconf 86' lang='lat' dir='ltr'>virum,</span> <span class='ocrx_word' id='word_1_237' title='bbox 1433 2792 1585 2869; x_wconf 79' lang='lat' dir='ltr'>qualis</span> <span class='ocrx_word' id='word_1_238' title='bbox 1632 2804 1708 2841; x_wconf 86' lang='lat' dir='ltr'>est</span> 
     </span>
     <span class='ocr_line' id='line_1_37' title="bbox 272 2859 1708 2935; baseline -0.003 -24"><span class='ocrx_word' id='word_1_239' title='bbox 272 2865 433 2911; x_wconf 78' lang='lat' dir='ltr'>-timor</span> <span class='ocrx_word' id='word_1_240' title='bbox 480 2861 802 2935; x_wconf 74' lang='lat' dir='ltr'>maximorum</span> <span class='ocrx_word' id='word_1_241' title='bbox 849 2859 1104 2913; x_wconf 84' lang='lat' dir='ltr'>malorum,</span> <span class='ocrx_word' id='word_1_242' title='bbox 1154 2874 1199 2904; x_wconf 88' lang='lat' dir='ltr'>v.</span> <span class='ocrx_word' id='word_1_243' title='bbox 1249 2872 1297 2922; x_wconf 88' lang='lat' dir='ltr'>g.</span> <span class='ocrx_word' id='word_1_244' title='bbox 1348 2860 1517 2924; x_wconf 78' lang='lat' dir='ltr'>mortis</span> <span class='ocrx_word' id='word_1_245' title='bbox 1563 2860 1708 2907; x_wconf 86' lang='lat' dir='ltr'>muti-</span> 
     </span>
     <span class='ocr_line' id='line_1_38' title="bbox 287 2922 1709 3041; baseline -0.003 -64"><span class='ocrx_word' id='word_1_246' title='bbox 287 2929 497 2989; x_wconf 79' lang='lat' dir='ltr'>lationis,</span> <span class='ocrx_word' id='word_1_247' title='bbox 541 2925 701 2993; x_wconf 83' lang='lat' dir='ltr'>gravis</span> <span class='ocrx_word' id='word_1_248' title='bbox 749 2925 968 2990; x_wconf 87' lang='lat' dir='ltr'>corporis</span> <span class='ocrx_word' id='word_1_249' title='bbox 1014 2923 1277 2986; x_wconf 73' lang='lat' dir='ltr'>cruciatus,</span> <span class='ocrx_word' id='word_1_250' title='bbox 1328 2922 1571 3041; x_wconf 35' lang='lat' dir='ltr'>graffiumi)</span> <span class='ocrx_word' id='word_1_251' title='bbox 1603 2941 1709 2973; x_wconf 85' lang='lat' dir='ltr'>ver-</span> 
     </span>
     <span class='ocr_line' id='line_1_39' title="bbox 266 3007 1708 3042; baseline -0.001 1"><span class='ocrx_word' id='word_1_252' title='bbox 266 3008 269 3019; x_wconf 64' lang='lat'><em>*</em></span> <span class='ocrx_word' id='word_1_253' title='bbox 1471 3013 1473 3015; x_wconf 52' lang='grc'><strong>“</strong></span> <span class='ocrx_word' id='word_1_254' title='bbox 1573 3007 1708 3042; x_wconf 87' lang='lat' dir='ltr'>erum</span> 
     </span>
    </p>
   </div>
  </div>
 </body>
</html>
