1852 3250
274 163 338 209 24
754 166 1185 217 TRACTATUS

345 298 450 365 obj.
475 302 539 347 3⁰·
579 299 628 348 Si
655 300 964 366 episcopatus
1002 304 1063 352 sit
1104 304 1471 351 Sacramentum
1498 318 1525 350 a
1549 318 1696 366 praes·

269 365 501 427 byteratu
525 367 821 426 distinctum,
859 383 1021 435 potest
1063 373 1170 437 quis
1218 388 1311 418 non
1340 371 1615 435 Praesbyter
1639 370 1689 416 in

273 433 574 498 Episcopum
601 438 758 486 valide
798 440 1103 496 consecrari;
1161 457 1269 504 quae
1294 440 1421 487 enim
1447 455 1474 487 a
1499 456 1551 487 se
1576 437 1693 485 invi·

271 517 378 550 cem
405 501 784 570 distinguuntur,
810 519 1012 571 possunt
1035 509 1233 556 seorsim
1262 507 1489 556 existere.
1520 504 1693 570 Atqui,

272 574 363 617 &c-

345 637 405 686 R.
432 657 535 706 neg.
561 645 669 706 maj.
706 642 973 692 Character
998 643 1125 692 enim
1152 643 1438 707 episcopalis
1464 642 1693 691 essentia-

270 705 383 755 liter
406 718 457 755 et
481 724 545 756 ex
587 709 890 760 institutione
928 712 1088 760 divina
1125 713 1455 776 praesupponit
1494 711 1694 758 charac-

272 783 426 823 terem
465 776 863 840 presbyteralem,
902 791 954 827 ut
980 797 1043 827 ex
1070 781 1351 828 Traditione
1390 791 1692 842 compertum

270 842 523 892 habemus·
579 846 662 894 Sic
685 847 939 895 aedificium
966 848 1013 895 in
1038 848 1250 913 physicis
1274 864 1371 895 non
1397 859 1559 912 potest
1584 861 1690 893 esse

270 910 373 959 sine
408 911 743 972 fundamento,
781 932 873 964 nec
902 916 949 962 in
975 917 1087 980 ipsis
1126 918 1269 965 rebus
1305 912 1691 963 sacramentariis

271 978 525 1029 character
560 983 948 1034 confirmatorius
984 985 1087 1033 sine
1113 984 1384 1049 baptismali
1420 992 1582 1048 potest
1606 997 1693 1031 ex-

269 1058 431 1097 istene.

342 1115 449 1165 Nec
484 1116 617 1167 dicas
660 1121 1061 1184 praesbyteratum
1104 1136 1246 1185 posse
1287 1122 1390 1168 sine
1433 1118 1693 1167 diaconatu

272 1183 501 1248 conferri,
538 1202 597 1237 ac
622 1188 827 1252 proinde
850 1188 990 1236 simili
1016 1189 1201 1237 ratione
1228 1190 1561 1253 episcopatum
1588 1185 1692 1233 dari

270 1268 413 1316 posse
437 1252 540 1302 sine
565 1257 935 1321 praesbyteratu.
984 1258 1111 1306 Nam
1138 1258 1259 1305 ratio
1284 1256 1575 1320 disparitatis
1599 1263 1689 1310 est,

271 1320 384 1384 quia
405 1320 682 1372 functiones
704 1324 983 1373 Sacerdotis
1003 1342 1097 1373 non
1117 1326 1332 1388 pendent
1352 1341 1381 1372 a
1404 1325 1688 1373 charactere

272 1388 573 1448 diaconatus,
624 1392 879 1440 character
917 1410 1033 1442 vero
1076 1394 1364 1457 episcopalis
1400 1392 1688 1457 praesbyter-

270 1457 413 1513 alem,
451 1458 563 1507 Deo
587 1459 655 1508 ita
677 1461 977 1518 instituente,
1013 1463 1285 1509 necessario
1310 1457 1654 1526 praesupponit.

342 1526 444 1590 Obj.
467 1531 533 1574 4⁰·
571 1528 808 1575 Ordinum
844 1529 1091 1576 distinctio
1127 1529 1278 1576 oritur
1314 1546 1377 1577 ex
1404 1525 1685 1574 habitudine

267 1609 411 1656 quam
437 1593 617 1643 habent
640 1595 703 1643 ad
727 1596 1142 1645 consecrationem
1170 1596 1516 1645 Eucharistiae:
1550 1590 1687 1657 atqui

269 1660 575 1725 episcopatus
611 1663 703 1712 hac
728 1664 775 1709 in
802 1674 939 1728 parte
966 1663 1080 1710 nihil
1116 1664 1251 1712 addit
1286 1660 1685 1727 praesbyteratui3

269 1744 388 1793 ergo
414 1746 509 1777 non
534 1741 609 1779 est
636 1732 1000 1780 Sacramentum
1027 1733 1087 1780 ab
1113 1748 1172 1780 eo
1197 1732 1496 1781 distinctum.

337 1799 399 1846 R.
424 1815 472 1845 n.
495 1800 605 1848 min.
641 1799 764 1847 Nam
794 1800 1085 1864 Praesbyteri
1124 1800 1477 1848 Eucharistiam
1516 1813 1685 1847 conse-

268 1876 425 1923 crant,
454 1865 684 1932 Episcopi
709 1884 823 1915 vero
848 1879 1084 1932 praeterea
1101 1868 1231 1916 illam
1258 1867 1574 1918 consecrandi
1598 1882 1685 1929 po-

268 1944 496 1984 testatem
528 1948 904 1984 communicant.

340 2002 439 2065 Oly:
466 2007 531 2050 5⁰·
569 2003 681 2051 Non
706 2004 857 2067 magis
883 2004 1191 2069 episcopatus
1217 2015 1291 2053 est
1318 2005 1683 2054 Sacramentum

267 2085 297 2118 a
332 2070 684 2136 praesbyteratu
725 2072 1022 2129 distinctum,
1058 2089 1200 2137 quam
1237 2074 1683 2138 archiepiscopatus

269 2137 330 2185 ab
356 2138 656 2202 episcopatu.

336 2206 403 2254 R.
422 2207 599 2254 nullam
619 2223 725 2255 esse
744 2206 1013 2272 paritatem.
1053 2208 1376 2274 Episcopatus
1396 2210 1540 2264 enim,
1564 2210 1681 2261 licet

267 2289 363 2322 non
390 2275 473 2323 det
497 2285 788 2339 potestatem
813 2276 1009 2323 alterius
1045 2278 1236 2338 generis
1260 2294 1287 2325 a
1312 2279 1679 2343 praesbyteratu,

267 2342 458 2392 confert
483 2354 657 2391 tarnem
670 2354 958 2408 potestatem
986 2344 1182 2392 alterius
1217 2346 1396 2408 speciei
1417 2348 1479 2394 ab
1505 2348 1679 2396 eodem

267 2412 635 2475 praesbyteratu.
728 2412 1191 2475 Archiepiscopatus
1237 2429 1351 2461 vero
1397 2415 1679 2478 ampliorem

268 2478 464 2541 quidem
491 2496 633 2543 quarn
663 2478 932 2543 Episcopus
967 2490 1257 2541 potestatem
1293 2481 1479 2529 ratione
1514 2483 1681 2530 subdi-

268 2556 426 2593 torum
447 2558 496 2594 et
510 2546 857 2609 jurisdictionis
872 2547 1034 2604 habet,
1059 2547 1145 2594 sed
1164 2547 1289 2595 intra
1307 2549 1524 2597 eamdem
1545 2567 1681 2614 pror-

267 2628 348 2660 sus
372 2614 601 2674 speciem.
670 2615 912 2663 Praeterea
947 2631 1103 2677 neque
1128 2631 1190 2662 ex
1221 2616 1480 2680 Scripturis
1516 2634 1677 2682 neque

269 2695 332 2727 ex
360 2681 641 2731 Traditione
678 2683 841 2745 colligi
867 2692 1028 2746 potest
1064 2682 1533 2748 archiepiscopatum
1571 2702 1676 2736 esse

271 2748 636 2799 Sacramentum
657 2768 672 2808 ;
710 2766 828 2816 ergo
852 2750 983 2798 nulla
1008 2751 1319 2814 comparatio.

1238 3017 1677 3068 PROPOSITIO.
