1846 3250
0 0 332 19 W*
343 0 348 1 ⁷
361 0 480 6 *vv-vvw

210 171 310 218 248
719 165 1138 216 TRACTATUS
1190 235 1197 242 Β

213 308 510 368 perseveret,
548 314 577 347 a
614 298 646 347 J
653 297 796 346 udice
837 299 1172 350 ecclesiastico
1214 309 1348 348 certa
1372 299 1497 365 stipe
1522 318 1643 366 pau.

216 369 412 436 peribus
437 366 683 429 eroganda
706 365 930 414 mulctari
954 377 1134 431 potest.
1234 369 1305 415 At
1350 384 1440 431 pro
1477 369 1639 417 damni

220 433 619 498 compensatione
645 433 708 480 ad
731 433 961 482 Judicem
986 436 1165 484 laicum
1189 434 1372 483 recurri
1398 435 1568 484 debet.

423 570 504 618 De
526 566 677 618 causis
704 567 1000 630 Sponsalium
1034 568 1445 618 dissolvendum-m.

290 703 513 753 Diversae
535 711 648 751 sunt
678 701 974 767 sponsalium
1016 701 1435 751 dissolvendorum
1471 717 1644 754 causae.

396 840 589 889 CAUSA
615 840 658 886 1.
695 837 896 887 Mutuus
917 840 1199 903 Sponsorum
1223 854 1480 887 consensus.

295 971 549 1037 Sponsalia
571 970 713 1020 solvit
736 980 934 1020 mutuus
969 971 1191 1036 liberque
1222 987 1508 1035 sponsorum
1535 987 1658 1019 con-

224 1056 397 1090 sensus
422 1057 519 1104 quo
544 1055 651 1088 sese
686 1039 892 1087 invicem
932 1056 961 1087 a
992 1038 1309 1103 promissione
1335 1038 1449 1086 data
1472 1038 1654 1086 liberos

223 1107 430 1158 faciunt.
499 1106 790 1170 Excipiendi
815 1116 928 1154 sunt
960 1117 1122 1154 tamen
1148 1106 1424 1168 impuberes
1450 1105 1528 1166 qui
1554 1121 1651 1152 non

224 1184 446 1240 possunt,
482 1174 628 1223 etiam
654 1189 718 1220 ex
743 1183 913 1220 mutuo
946 1189 1204 1226 consensu,
1240 1188 1268 1219 a
1292 1172 1490 1219 vinculo
1509 1188 1655 1235 spon-

225 1240 398 1289 salium
447 1240 594 1289 eximi
615 1258 627 1296 ;
684 1239 833 1302 idque
886 1240 1154 1303 prudenter
1189 1249 1427 1285 statutum
1463 1250 1553 1295 est,
1589 1242 1651 1284 ne

226 1307 458 1355 videlicet
477 1316 678 1371 propter
695 1305 878 1369 fragilis
895 1306 1049 1354 aetatis
1065 1306 1465 1363 levitatem,nova
1483 1303 1660 1369 saepius

227 1374 473 1441 sponsalia
498 1373 804 1431 contrahant,
830 1374 1073 1437 totiesque
1099 1371 1327 1420 resiliant.

521 1510 714 1558 CAUSA
739 1508 786 1554 2.
823 1506 1090 1572 Religionis
1112 1508 1362 1573 ingressus.

299 1644 505 1693 Constat
533 1643 606 1688 10·
641 1639 883 1704 sponsalia
918 1639 1062 1688 etiam
1108 1646 1272 1702 jurata
1306 1654 1395 1702 per
1429 1635 1660 1700 professi·

230 1726 375 1759 onem
401 1707 672 1772 Religionis
697 1708 977 1771 approbatae
997 1706 1208 1761 dissolvi,
1245 1721 1355 1752 cum
1399 1721 1488 1767 per
1525 1720 1656 1751 eam-

231 1778 343 1825 dem
368 1775 716 1840 professionem
743 1773 1048 1821 matrimonia
1082 1774 1226 1821 etiam
1263 1781 1385 1827 rata,
1421 1771 1458 1817 si
1491 1780 1654 1817 tamen

229 1859 330 1892 non
374 1850 726 1898 consummata,
780 1840 1079 1897 dirimantur,
1141 1837 1211 1886 uti
1259 1845 1437 1901 postea?
1469 1836 1659 1884 videbi·-

229 1927 357 1959 mus.
454 1909 565 1956 Nec
589 1907 781 1955 violatae
821 1907 936 1954 fidei
974 1905 1195 1954 accusari
1241 1914 1404 1967 potest
1450 1917 1657 1966 sponsus

233 1977 317 2042 qui
356 1976 666 2040 Religionem
715 1974 1001 2037 ingreditur,
1063 1973 1178 2037 quia
1238 1969 1480 2034 sponsalia
1541 1985 1661 2018 con·

233 2044 468 2093 ditionem
507 2042 776 2096 continent,
812 2040 1036 2087 nimirum
1085 2057 1150 2088 ex
1192 2037 1249 2085 iis
1273 2038 1452 2085 nullam
1478 2035 1666 2098 obliga·

234 2112 420 2160 tionem
446 2109 677 2157 orituram
704 2124 826 2163 esse,
853 2107 891 2154 si
915 2123 1202 2170 sponsorum
1221 2105 1457 2153 alteruter
1480 2113 1662 2151 statum

232 2176 581 2245 perfectiorem
605 2174 851 2236 suscipere
876 2175 1006 2221 velit.

305 2246 385 2291 20·
409 2241 745 2291 Communiter
769 2251 817 2288 et
839 2240 1033 2303 quidem
1056 2239 1242 2295 merito,
1263 2237 1479 2285 sentiunt
1499 2235 1661 2283 Theo-

233 2310 335 2375 logi
360 2326 448 2374 per
463 2309 614 2357 solam
638 2307 831 2355 habitus
855 2306 1065 2369 religiosi
1085 2303 1443 2366 susceptionem
1462 2300 1656 2349 dissolvi

234 2377 478 2441 sponsalia
501 2385 727 2438 exparte
751 2373 911 2437 sponsi
937 2374 985 2419 in
1010 2372 1190 2419 saeculo
1222 2369 1532 2420 remanentis,
1576 2367 1654 2428 qui

238 2453 599 2508 consequenter
622 2441 784 2489 statim
817 2456 844 2487 a
881 2440 979 2487 fide
1020 2439 1134 2485 dat'a
1172 2436 1418 2483 eximitur.
1511 2434 1663 2481 Ratio
1726 2484 1732 2491 K

237 2522 312 2560 est
338 2512 448 2574 quia
473 2526 532 2558 eo
556 2510 662 2573 ipso
687 2524 784 2572 quo
809 2523 1012 2571 sponsus
1040 2501 1660 2565 Noviciatumingreditur,

237 2595 327 2628 suo
355 2578 453 2639 juri
481 2576 783 2625 renuntiasse
809 2583 1052 2629 censetur,
1089 2588 1147 2619 ac
1171 2570 1299 2617 subit
1325 2569 1660 2623 mutationem,

234 2644 535 2712 prudentum
571 2642 769 2707 judicio,
806 2641 1086 2697 notabilem,
1141 2654 1245 2702 quae
1294 2635 1537 2684 sufficiens
1585 2644 1660 2682 est

235 2710 479 2777 sponsalia
502 2709 795 2756 dissolvendi
819 2723 981 2755 causa.
1335 2755 1338 2757 ,
1426 2734 1432 2738 -

308 2783 385 2828 30·
424 2776 677 2840 Sponsalia
710 2791 807 2822 non
843 2774 1171 2821 dissolvuntur
1207 2783 1269 2818 ex
1312 2778 1451 2833 parte
1492 2765 1656 2833 sponsi

239 2845 322 2909 qui
357 2843 664 2907 Religionem
724 2841 967 2904 ingressus
1017 2850 1107 2896 est,
1157 2838 1397 2900 adeoque,
1449 2834 1488 2883 si
1548 2849 1659 2886 eam-

238 2922 413 2980 postea
436 2908 722 2970 deseruerit,
760 2909 924 2966 debet,
950 2908 1103 2956 altero
1129 2905 1474 2970 requirentem,
1502 2901 1662 3014 ¹fidem

1488 2975 1655 3015 (atam
