1846 3250
0 0 463 19 WW--vwv
492 0 599 14 ‚cr-1⁷
637 0 676 2 v-

262 150 364 207 336
557 222 560 223 ⁷
712 198 715 201 Α
775 153 1205 207 ΤΒἈΟΤΑΤυε
1274 167 1284 208 .-

259 284 487 334 dirimere
529 287 900 338 matrimonium.
972 292 1156 339 Verum
1182 291 1331 340 tutior
1367 308 1426 341 ac
1461 291 1685 355 probabi-

262 352 354 398 lior
378 362 450 400 est
485 355 728 409 sententia
766 357 1003 419 opposita,
1043 375 1152 422 quae
1186 376 1215 407 a
1241 360 1505 423 Theologis
1533 360 1687 407 Gallis

263 418 806 478 universisadmittitur‚
843 426 1039 491 solaque
1064 426 1252 474 admitti
1279 436 1455 489 potest.
1643 466 1649 475 ,

336 488 410 542 19·
449 488 575 542 Quia
600 505 694 535 non
722 490 1008 553 ignorabant
1035 494 1203 540 Patres
1229 492 1501 541 Tridentini
1537 492 1683 540 alium

263 568 369 607 esse
417 566 607 618 raptum
657 557 739 620 qui
787 560 833 604 vi
872 570 1058 621 aperta,
1095 560 1243 607 alium
1280 560 1361 622 qui
1397 560 1685 607 seductione

262 619 419 668 fieret.
492 623 645 685 Atqui
690 635 851 673 tamen
899 627 1121 673 absolute
1169 626 1686 689 pronuntiantrapto-

263 703 363 733 rem
392 688 517 736 inter
542 701 590 737 et
612 702 820 754 raptam,
860 693 1072 755 quandiu
1097 694 1201 755 ipsa
1223 693 1270 739 in
1297 694 1501 755 raptoris
1527 705 1688 755 potes-

262 763 364 801 tate
392 758 634 814 manserit,
662 753 845 806 nullutn
867 776 1007 823 posse
1029 760 1689 807 consisterematrimonium.
1738 810 1743 817 ,

266 820 415 883 Ergo,
452 828 541 877 &Q
1224 867 1228 870 .

333 891 407 935 20·
432 892 560 944 Quia
603 893 771 940 Patres
798 892 1068 940 Tridentini
1110 893 1213 941 sine
1256 894 1403 941 dubio
1445 893 1491 939 in
1530 893 1689 940 animo

269 955 544 1024 habuerunt
587 959 634 1005 id
671 969 890 1007 avertere
934 962 1066 1022 quod
1101 961 1148 1006 in
1185 971 1326 1024 raptu
1367 961 1581 1008 deterius
1618 971 1692 1007 est

266 1039 324 1069 ac
372 1026 615 1073 sanctitati
668 1027 954 1074 matrimonii
1004 1029 1156 1090 magis
1203 1028 1516 1090 injuriosum:
1559 1026 1693 1089 atqui

264 1090 375 1139 talis
400 1103 474 1139 est
497 1087 673 1154 puellae
696 1095 919 1141 seductio
946 1108 1053 1157 quae
1079 1094 1235 1157 raptui
1263 1094 1558 1156 adjungitur,
1581 1110 1693 1140 cum

266 1173 363 1205 non
391 1159 547 1206 minus
572 1161 782 1208 libertati
809 1162 869 1208 ad
890 1162 1247 1209 matrimonium
1282 1162 1521 1222 requisitae
1548 1177 1692 1222 quam

264 1224 495 1288 violentia
520 1238 729 1282 noceat3
766 1244 856 1275 nec
897 1228 1023 1276 enim
1064 1229 1229 1290 puella
1262 1227 1535 1276 seductoris
1561 1224 1691 1283 dolo,>

267 1291 511 1341 illecebris
549 1305 601 1342 et
637 1295 820 1342 artibus
869 1296 1079 1358 decepta
1125 1312 1184 1343 ac
1231 1294 1385 1342 veluti
1432 1295 1693 1349 incantata,

271 1361 483 1421 quandiu
525 1361 572 1407 in
620 1362 747 1409 illius
796 1372 1040 1424 potestate
1089 1373 1267 1420 manet,
1312 1371 1540 1410 censetur
1588 1375 1695 1409 eam

270 1428 482 1476 retinere
524 1429 799 1476 libertatem
838 1447 946 1492 quae
982 1430 1031 1475 in
1069 1429 1375 1477 matrimonio
1407 1427 1698 1492 requiritur3

271 1494 369 1542 imo
408 1496 697 1559 plerumque
733 1495 926 1543 facilius
967 1497 1206 1545 resistitur
1244 1496 1486 1543 violentiae
1516 1505 1697 1558 apertae

270 1579 380 1624 quae
404 1564 616 1610 animum
655 1575 930 1626 exasperat,
969 1581 1112 1626 quam
1154 1565 1393 1612 insidiosis
1435 1560 1697 1617 blanditiis,

271 1629 533 1692 promissis,
571 1631 833 1693 voluptatis
872 1632 1132 1688 illecebris,
1171 1631 1450 1678 muneribus
1475 1639 1557 1677 aut
1594 1628 1699 1676 aliis

271 1696 455 1743 artibus
481 1698 656 1759 quibus
683 1698 857 1744 sensim
895 1697 1133 1760 frangitur
1166 1697 1372 1759 junioris
1414 1697 1577 1759 puella
1607 1694 1701 1742 vir·-

271 1773 366 1810 tus.
438 1764 502 1810 Et
543 1781 658 1811 vero
697 1765 994 1812 seductionis
1037 1781 1134 1811 non
1168 1764 1324 1813 minus
1350 1780 1494 1827 quam
1519 1762 1702 1809 violen-

271 1831 351 1878 tiae
389 1842 553 1893 raptus
600 1831 887 1879 familiarum
931 1848 1101 1895 pacem
1151 1832 1429 1887 conturbat,
1465 1830 1701 1877 honorem

249 1897 554 1955 labefactat,
590 1916 683 1946 nec
732 1909 1087 1962 consequenter
1128 1898 1285 1945 minus
1328 1896 1552 1946 Patribus
1594 1895 1702 1943 Tri-

275 1965 484 2012 dentinis
512 1982 692 2015 exosus
723 1966 831 2014 fuit.

344 2036 423 2084 30‘
461 2034 588 2086 Quia
615 2034 865 2081 Henricus
902 2034 998 2081 ΙΙΙ.
1035 2033 1081 2079 in
1124 2032 1303 2081 Edicto
1331 2029 1550 2080 Blesensi
1586 2044 1701 2077 con-

275 2100 396 2147 ditio
445 2102 534 2150 sub
574 2101 703 2149 Cleri
743 2101 985 2149 Gallicani
1025 2100 1195 2158 oculis,
1257 2109 1306 2148 et
1345 2100 1518 2147 eodem
1557 2098 1701 2146 Clero

277 2167 467 2215 Concil.
505 2168 640 2214 Trid.
675 2170 1000 2216 Decretorum
1039 2168 1477 2231 promulgationem
1522 2181 1580 2213 ac
1616 2165 1701 2212 ob-

272 2236 598 2282 servationem
648 2236 943 2298 postulante,
979 2236 1166 2297 vprocul
1215 2235 1364 2281 dubio
1401 2234 1528 2281 illius
1574 2232 1703 2279 Con-

276 2301 470 2349 concilii
514 2312 728 2349 mentem
766 2312 1017 2351 assecutus
1062 2312 1150 2349 est.
1222 2301 1374 2362 Atqui
1403 2301 1515 2347 Rex
1550 2299 1631 2345 ille
1657 2298 1705 2343 in

273 2370 419 2432 hujus
466 2370 631 2418 Edicti
673 2369 811 2425 artic.
852 2372 932 2416 42.
968 2369 1037 2416 sic
1080 2368 1320 2429 loquitur:
1383 2365 1582 2415 Voulons
1620 2382 1706 2429 que

276 2455 385 2486 ceux
410 2440 491 2503 qui
529 2455 577 2485 se
611 2447 821 2486 trouvent
862 2437 993 2485 avoir
1033 2435 1228 2483 suborne
1245 2434 1338 2498 fils
1375 2452 1433 2482 ou
1455 2432 1588 2495 fille-5
1623 2432 1706 2482 mi-

278 2523 417 2553 neurs
464 2507 523 2554 de
559 2506 690 2569 vingt
714 2506 822 2569 cing
858 2521 960 2559 ans,
999 2519 1103 2550 sous
1137 2510 1354 2565 pretextae
1393 2501 1450 2548 de
1498 2498 1706 2561 mariage

279 2591 337 2621 ou
363 2581 496 2621 autre
518 2573 718 2629 couleur,
756 2590 864 2619 sans
903 2570 944 2618 le
970 2588 1058 2635 gre
1094 2578 1138 2617 et
1178 2575 1511 2617 consentientem
1548 2582 1708 2630 expres

212 2695 220 2705 ³
277 2641 356 2687 des
398 2658 532 2704 peres
571 2648 615 2688 et
662 2657 806 2687 meres
852 2656 909 2687 ou
950 2639 1028 2685 des
1066 2644 1260 2691 tutenrs,
1297 2637 1443 2683 soient
1479 2632 1708 2697 punis-cle

278 2717 415 2757 ’nort-
487 2709 674 2756 Ludov.
703 2706 849 2753 XIII.
884 2705 931 2750 in
960 2703 1139 2751 Edicto
1165 2720 1240 2750 an.
1272 2705 1415 2750 1639.
1454 2702 1707 2763 conforma-

279 2784 400 2825 ment
424 2794 517 2824 aux
549 2776 749 2823 Decrets
783 2782 829 2822 et
870 2771 1202 2820 constitutions
1258 2768 1549 2833 canoniques,
1579 2766 1709 2819 bunc

279 2843 538 2892 articulum
599 2839 935 2893 confirmavit,
981 2849 1240 2900 utrumque
1302 2847 1404 2882 tuin
1464 2832 1706 2880 violentiae

280 2918 383 2961 tum
426 2908 725 2971 seductionis
763 2919 956 2972 raptum
996 2906 1083 2954 sub
1122 2904 1293 2954 eadem
1327 2889 1474 2967 poeria
1510 2900 1707 3013 damnat-

431 2983 433 2986 ’
1626 2980 1668 3011 vi
1699 3001 1710 3020 ,
