1852 3250
263 188 329 235 30
755 193 1182 245 TRACTA-TUS

642 413 645 417 k
678 331 1112 407 'PROPOSITIO
1150 358 1250 406 111.

492 482 856 541 Subdiaconatus
879 511 972 543 non
998 503 1064 543 est
1092 497 1456 544 Sacramentum.

331 595 407 642 Ita
432 597 569 643 multi
595 597 832 661 Theologi
859 609 1028 647 contra
1054 600 1248 647 multos.

333 663 480 712 Proh.
511 669 585 712 1⁰.
636 666 761 719 Quia
787 683 943 728 neque
979 668 1024 713 in
1067 668 1326 732 Scripturis
1364 685 1522 732 neque
1546 670 1676 731 apud

269 730 357 778 SS.
379 731 547 780 Patres
566 733 777 797 priorum
803 736 1088 783 saeculorum
1107 736 1161 783 fit
1180 736 1362 784 mentio
1386 738 1462 784 de—
1476 738 1680 785 Subdia-

268 800 418 855 conis,
456 801 570 848 dum
619 811 780 849 tamen
822 803 884 851 de
920 805 1274 867 praesbyteratu
1320 815 1369 852 et
1417 806 1676 854 diaconatu

266 882 425 914 sermo
450 886 577 932 saepe
602 869 650 916 in
686 870 741 917 iis
767 871 989 918 habetur.
1063 872 1214 934 Atqui
1239 883 1400 920 tamen
1425 873 1463 920 si
1488 874 1683 920 subdia-

268 946 472 983 conatus
510 950 638 985 esset
673 955 701 986 a
735 939 928 987 Christo
967 940 1230 996 institutus,
1283 941 1682 1002 Sacramentique

265 1004 500 1052 rationem
527 1006 616 1053 sibi
652 1007 936 1064 vindicaret,
975 1008 1229 1056 verisimile
1255 1025 1349 1055 non
1378 1021 1451 1057 est
1476 1010 1590 1055 nihii
1617 1009 1680 1056 de

266 1087 326 1118 eo
352 1072 534 1120 dictum
558 1073 708 1123 fuisse
732 1086 815 1123 aut
848 1092 876 1122 a
904 1076 1230 1139 Scriptoribus
1255 1078 1403 1124 sacris
1429 1086 1511 1124 aut
1535 1094 1562 1125 a
1590 1078 1679 1125 SS.

266 1139 493 1189 Patribus
518 1142 728 1205 priorum
754 1144 1048 1202 seculorum,
1085 1144 1167 1208 qui
1193 1155 1288 1192 tam
1315 1162 1442 1209 saepe
1469 1146 1529 1192 de
1555 1146 1682 1209 epis-

267 1218 464 1271 copatu,
503 1212 854 1275 praesbyteratu
881 1222 928 1260 et
954 1212 1214 1260 diaconatu
1239 1214 1388 1261 locuti
1414 1224 1541 1261 sunt.

335 1279 414 1322 20·
458 1278 647 1326 Concil.
674 1280 906 1342 Carthag.
932 1285 978 1327 4.
1001 1296 1080 1328 an.
1108 1284 1220 1329 398.
1255 1298 1363 1329 can.
1389 1285 1434 1329 5.
1459 1281 1525 1329 a'it
1554 1276 1678 1329 Sub-

266 1343 542 1405 diaconum,
569 1363 679 1394 cum
698 1347 963 1404 ordinatur,
983 1364 1186 1396 manuus
1209 1348 1563 1413 impositionem
1583 1365 1681 1395 non

266 1413 510 1477 accipere.
583 1415 719 1463 Idem
746 1415 952 1463 habetur
975 1416 1023 1462 in
1060 1416 1280 1464 omnibus
1321 1417 1527 1482 antiquis
1564 1417 1681 1465 ritu-

265 1481 421 1529 alibus
446 1481 622 1530 Libris.
659 1484 728 1531 At
743 1500 858 1531 vero
874 1500 936 1531 ex
962 1483 1183 1532 dicendis
1209 1484 1428 1532 Christus
1454 1501 1681 1532 manuum

264 1549 620 1612 impositionem
648 1568 735 1614 pro
761 1551 960 1599 materia
987 1552 1286 1600 Sacramenti
1313 1551 1508 1600 Ordinis
1533 1552 1681 1615 assig-

263 1617 415 1664 navit.
486 1620 797 1682 Quapropter
845 1619 894 1666 in
932 1619 1039 1667 aliis
1063 1620 1389 1682 superioribus
1416 1620 1679 1669 Ordinibus

258 1695 508 1749 >perpetuo
532 1686 746 1734 adhibita
773 1697 864 1734 est.
935 1687 1085 1750 Ergo,
1122 1692 1210 1735 &c.

337 1757 401 1801 3⁰.
440 1753 798 1802 Ambrosiaster
822 1755 953 1816 apud
980 1748 1250 1802 Almarium
1292 1756 1373 1803 lib.
1399 1758 1444 1803 2.
1471 1756 1532 1804 de
1559 1757 1677 1804 Offi-

258 1820 355 1869 ciis
398 1822 668 1870 ecclesiast.
707 1822 810 1885 ipse
849 1822 1108 1880 Almarius‚
1149 1824 1376 1872 Urbanus
1401 1825 1470 1871 ΙΙ.
1509 1825 1679 1872 Innoc.

267 1890 364 1939 ΙΙΙ.
390 1889 668 1946 Gratianus,
709 1891 813 1938 Yvo
855 1890 1182 1945 Carnotzensi&
1223 1893 1374 1955 Hugo
1401 1892 1679 1940 Victorinus

267 1958 449 2006 diserte
481 1968 722 2017 testantur
758 1957 1161 2007 subdiaconatum
1185 1955 1416 2008 fuisse'ab
1455 1960 1681 2009 Ecclesia·

263 2026 556 2074 institutum.

336 2098 405 2141 4⁰·
433 2095 623 2143 Concil.
649 2095 784 2143 Trid.
827 2111 942 2143 sess.
968 2097 1049 2143 23.
1076 2111 1183 2143 can.
1210 2100 1255 2144 4.
1290 2097 1464 2160 probat
1490 2111 1676 2144 sacram

270 2161 639 2210 Ordinationem
666 2179 772 2211 esse
800 2163 1182 2221 Sacramentum,
1208 2164 1320 2228 quia
1344 2164 1390 2211 in
1408 2180 1475 2211 «ea
1500 2164 1678 2211 dicitur

268 2231 425 2293 accipe
467 2232 691 2294 Spiritum
746 2234 977 2280 Sanctum.
1050 2232 1174 2278 Haec
1224 2241 1397 2280 autem·
1423 2232 1576 2278 oratio
1628 2231 1676 2277 in

269 2298 589 2346 Ordinatione
617 2299 1034 2347 Subdiaconorum
1059 2315 1153 2345 non
1174 2298 1366 2357 dicitur,
1386 2298 1472 2346 sed
1492 2308 1678 2346 tantum

256 2367 314 2412 *in
365 2367 686 2415 Ordinatione
736 2366 1110 2431 Episcoporum,
1149 2367 1563 2431 Praesbyterorum
1628 2376 1678 2414 et

270 2435 620 2483 Diaconorurn.
732 2432 736 2435 ⁵

337 2502 497 2551 Dices.
528 2507 601 2550 10·
638 2504 828 2551 Concil.
868 2503 1079 2550 Florent.
1121 2502 1166 2548 in
1205 2501 1426 2549 Decreto
1469 2501 1678 2565 Eugenii

267 2571 338 2618 sic
364 2570 540 2619 habet:
582 2574 766 2620 Sextum
807 2573 1155 2619 Sacramentum
1197 2577 1263 2616 est
1302 2570 1508 2626 Ordinis,
1545 2573 1674 2634 czgjus

257 2639 465 2686 ‘materia
503 2647 570 2686 est
595 2639 753 2695 istud,
786 2655 881 2702 per
926 2638 1056 2699 cajus
1101 2636 1395 2685 traditionem
1440 2636 1678 2702 corfirtur
1741 2638 1754 2652 ⁸

275 2706 403 2753 Ordo
443 2704 505 2754 tic
547 2706 929 2771 praesbyteratus,
967 2706 1173 2753 traditur
1209 2721 1298 2769 per
1300 2738 1400 2754 ......
1406 2706 1681 2753 diaconatu-5

256 2773 821 2836 ‘per.......5ubdiaconatus
847 2789 939 2836 per
983 2772 1140 2820 calicis
1185 2773 1319 2820 vacui
1363 2773 1674 2821 traditionem.

274 2842 423 2904 Ergo,
477 2841 716 2904 inquiunt,
770 2839 1148 2888 subdiaconatus
1196 2855 1292 2886 non
1335 2841 1490 2887 minus
1531 2855 1674 2903 quam

270 2909 553 2957 diaconatus
599 2907 898 2973 Sacrlamenti
941 2906 1172 2956 rationem
1218 2923 1281 2956 ex
1326 2906 1549 2972 Eugenio
1583 2906 1670 2952 IV.

269 2976 358 3023 sibi
385 2975 611 3024 vindicat.

1400 3038 1672 3104 Eugenium
