1846 3250
267 181 371 228 106⁷
770 168 1195 230 TRACTATUS

250 315 385 365 dinis
429 316 741 364 Sacramento
777 314 1105 363 characterem
1139 315 1360 381 imprimi,
1397 309 1664 381 generatim

256 383 482 432 absolute
530 398 588 430 ac
629 382 732 430 sine
770 383 866 431 ulla
905 375 1215 433 distinctione
1256 388 1317 434 de
1359 386 1546 438 Ordine
1594 392 1666 438 lo·

246 461 487 516 quuntur.

392 520 645 567 ‘Certum
681 528 754 567 est
795 519 1124 572 characterem
1157 521 1204 568 in
1231 522 1589 573 Ordinatione'
1578 543 1663 572 im-

253 603 472 650 pressum
496 603 745 636 remanere
770 586 818 633 in
842 586 1087 651 improbis,
1112 588 1401 668 simoniacis,
1428 593 1663 657 degrada-

248 654 332 711 tis,
356 671 450 704 nec
475 670 571 704 non
594 656 642 701 in
667 655 723 701 iis
743 655 824 719 qui
849 665 957 719 post
978 656 1382 707 Ordinationem
1370 676 1416 705 m
1442 661 1659 709 haeresim

253 722 328 772 vel
353 725 563 773 schisma
585 724 793 788 prolapsi
818 735 960 780 sunt3
1000 725 1113 788 quia
1135 725 1358 781 nimirum
1384 728 1464 776 ille
1491 740 1563 777 est
1588 729 1659 776 in-

252 791 490 849 delebilis,
530 803 581 839 ut
605 791 716 839 alibi
743 763 1067 856 probavimus,
1104 808 1163 840 ac
1188 806 1358 844 contra
1383 796 1659 845 Protestan-

250 869 325 910 tes
351 859 534 910 definiit
557 859 746 923 Concil.
766 859 901 907 Trid.
928 877 1046 908 sess.
1067 865 1113 913 7.
1150 876 1256 909 can.
1282 867 1330 911 9.
1368 874 1418 911 et
1441 881 1557 913 sess.
1578 868 1658 914 23.

249 944 358 977 can.
386 933 433 977 4.
503 930 709 991 Insuper
732 928 770 975 si
796 928 1051 977 character
1073 945 1171 977 non
1195 943 1468 980 remaneret
1500 933 1548 979 in
1573 932 1658 980 im‘-

246 997 428 1060 probis,
454 995 748 1061 degradatis,
773 1001 862 1044 διο.
900 1013 1157 1045 necessum
1182 998 1352 1047 fuisset
1377 1000 1480 1047 istis
1506 1002 1656 1048 omni-

244 1066 339 1113 bus
364 1082 540 1113 novum
565 1065 898 1114 characterem
924 1065 1212 1128 imprimere,
1250 1067 1436 1129 quoties
1460 1069 1656 1116 fuerunt

248 1133 308 1181 ab
335 1134 560 1182 Ecclesia
599 1133 828 1181 restituti.
891 1133 1046 1196 Atqui
1088 1144 1247 1181 tamen
1286 1136 1430 1183 modo
1455 1135 1654 1183 demon-

243 1202 502 1250 strabimus
526 1218 609 1250 eos
633 1201 736 1249 sine
761 1200 871 1248 novi
897 1201 1191 1249 characteris
1215 1203 1530 1267 impressione
1555 1221 1653 1251 non

247 1284 355 1318 raro
377 1270 527 1319 fuisse
550 1271 610 1318 ab
623 1268 863 1331 ‘Ecclesia
887 1270 1151 1333 restitutos.

316 1342 395 1386 5⁰.
447 1339 682 1386 Fatentur
723 1354 889 1385 omnes
930 1337 1120 1385 illicitas
1164 1353 1269 1386 esse
1311 1339 1652 1388 Ordinationes

245 1406 307 1454 ab
351 1406 599 1471 improbis,
636 1406 927 1463 simoniacis,
964 1404 1175 1461 intrusis,
1218 1407 1463 1471 depositis,
1505 1409 1656 1456 schis-

244 1474 450 1533 maticis,
486 1474 726 1522 haereticis
761 1475 961 1523 collatas
987 1474 1060 1521 vel
1087 1486 1322 1538 receptas,
1359 1476 1502 1538 idque
1537 1476 1652 1538 satis

244 1552 436 1591 constat
487 1559 553 1591 ex
594 1542 736 1590 dictis
782 1543 831 1588 in
874 1542 1107 1590 Tractatu
1143 1541 1206 1589 de
1244 1539 1566 1592 Sacramentis
1601 1545 1653 1591 in

242 1625 442 1673 genere.

311 1678 494 1727 Verum
529 1677 728 1740 quaestio
764 1686 983 1724 movetur
1021 1682 1181 1725 utrum
1208 1678 1552 1727 Ordinationes
1586 1681 1650 1728 ab

242 1747 478 1808 ejusmodi
502 1745 774 1793 hominibus
799 1746 986 1793 collatae
1012 1747 1342 1794 characterem
1361 1747 1649 1810 imprimant,

240 1815 371 1876 quod
408 1814 537 1863 idem
563 1822 638 1862 est
660 1829 718 1862 ac
744 1830 959 1877 quaerere
986 1824 1143 1861 utrum
1169 1814 1339 1862 validae
1362 1814 1454 1861 sint
1481 1823 1651 1862 eorum>

244 1882 604 1931 Ordinationes.
657 1883 768 1929 Nec
790 1894 914 1930 no'va
939 1892 1011 1930 est
1038 1897 1130 1930 nec
1155 1896 1331 1946 expers
1356 1881 1647 1930 difficultatis

240 1949 325 1999 illa
348 1949 692 1999 controversia.

308 2019 533 2067 Morinus
558 2020 620 2066 de
643 2020 791 2067 sacris
818 2016 1215 2066 ordinationibus
1241 2018 1445 2067 exercit.
1505 2019 1646 2066 ‚hoc

240 2097 575 2151 argumentum
600 2086 748 2134 fuisse
771 2096 963 2134 tractat.

306 2156 474 2203 Docet
498 2158 587 2217 710·
631 2156 877 2203 Canonem
904 2156 950 2202 9.
989 2169 1108 2200 sess.
1136 2153 1180 2203 7.
1219 2155 1372 2203 Cone.
1405 2151 1543 2202 Trid.
1582 2154 1644 2201 de

237 2223 522 2273 charactere
544 2222 790 2270 indelebili
814 2238 902 2285 per
925 2221 1178 2277 Ordinem,
1217 2220 1641 2271 Confirmationem

239 2287 615 2355 etBaptismum
644 2290 897 2355 impresso,
934 2306 1039 2337 esse
1074 2289 1440 2352 intelligendum
1464 2289 1525 2336 de
1551 2288 1646 2335 Or-

238 2358 483 2409 dinatione
508 2358 749 2408 catholica
773 2373 831 2408 ac
856 2362 1003 2420 juxta
1028 2356 1264 2404 Ecclesiae
1287 2357 1448 2420 Leges
1473 2365 1523 2403 et
1550 2356 1645 2404 Ca·

235 2445 388 2477 nones
412 2428 542 2477 data.

302 2497 470 2544 Docet
515 2498 594 2543 2⁰·
657 2495 803 2543 talem
862 2491 1245 2547 Ordinationem,
1306 2507 1411 2551 eam
1465 2507 1640 2554 nempe

236 2579 345 2628 quae
376 2569 523 2624 juxta
555 2564 718 2628 Leges
755 2560 993 2611 Ecclesiae
1026 2561 1183 2624 datur,
1219 2576 1463 2624 nunquam
1499 2576 1644 2650 posse

358 2647 413 2677 r.

233 2631 468 2747 ivteigloitzet
501 2701 581 2746 30·
624 2696 967 2751 Ordinationes
1007 2696 1088 2744 ab
1111 2691 1362 2774 Episcopis
1399 2683 1660 2744 haereticis'

233 2765 502 2817 secundum
545 2767 767 2814 Canones
794 2763 1029 2813 Ecclesiae
1068 2762 1240 2822 factas,
1275 2764 1314 2812 si
1350 2773 1510 2812 tamen
1546 2763 1640 2827 ipsi

232 2835 438 2900 primum
484 2834 630 2897 juxta
674 2832 871 2882 eosdem
897 2833 1138 2880 Canones
1184 2831 1389 2881 ordinati
1434 2831 1633 2888 fuerint,

234 2915 361 2952 ratas
396 2911 449 2953 et
480 2900 661 2950 validas
694 2916 885 2965 semper
918 2898 1083 2956 fuisse,
1120 2900 1212 2948 ne'c
1234 2900 1447 2949 iteratas.

302 2971 487 3035 Docet
501 2971 578 3020 4⁰·
626 2967 972 3021 Ordinationes
1005 2967 1158 3019 factas
1194 2978 1364 3020 contra
1399 2963 1638 3083 {eclesiae

315 3063 359 3070 ⁴=
1457 3048 1639 3083 anonez
