1846 3250
325 178 388 224 52
817 150 1242 227 TRACTATus

387 316 451 361 5⁰·
491 312 603 361 Sive
644 310 691 358 in
718 310 876 360 Libris
912 313 1164 364 ritualibus
1202 313 1504 370 Latinorum,
1544 312 1642 361 sive
1683 313 1732 360 in

319 380 635 444 Eucliologiis
679 380 961 429 Graecorum
1011 398 1069 429 ac
1111 382 1324 437 omnium
1391 381 1730 435 Orientalium,

316 448 590 512 superiores
618 449 826 497 Ordines
869 443 1152 497 conferendi
1194 450 1401 498 officium
1437 450 1549 497 solis
1588 449 1728 512 Epis-

317 517 451 581 copis
472 517 814 580 praescribitur.
884 517 1029 566 Unde
1055 534 1198 581 porro
1217 518 1298 566 ille
1315 533 1578 567 consensus
1602 517 1729 564 inter

318 585 564 633 Ecclesias
612 585 658 632 in
706 585 924 648 pluribus
974 585 1078 633 aliis
1120 586 1422 641 dissidentes,
1477 586 1566 632 nisi
1615 586 1729 649 quia

316 653 601 702 Traditione
637 654 836 717 antiqua
876 652 1151 702 didicerunt
1188 654 1488 717 privilegium
1525 653 1728 716 Episco-

312 738 416 783 ρος,
476 722 823 785 Praesbyteros,
876 738 934 769 ac
982 722 1126 770 etiarn
1175 723 1423 770 Diaconos
1471 721 1725 769 ordinandi

310 790 423 838 solis
448 788 703 853 Episcopis
728 806 870 853 posse
896 800 1175 854 competere
1194 790 1217 836 Ρ

383 859 574 918 Quoeres
613 874 673 906 an
720 874 779 905 ea
815 874 918 921 quae
954 857 1001 904 in
1050 857 1379 922 propositione
1425 855 1723 922 praecedenti

310 926 584 981 dictasunt,
622 925 683 973 ad
712 926 875 973 Fidem
903 926 1216 986 pertineant?
1600 950 1603 953 >

374 995 641 1060 Respondet
664 992 844 1043 Auctor
878 995 936 1042 de
975 1012 1026 1042 re
1055 994 1420 1043 sacramentaria
1463 991 1721 1056 propositi-

306 1078 447 1109 onem
485 1062 840 1126 praecedentem
882 1061 931 1107 in
978 1062 1032 1108 iis
1070 1080 1178 1126 quae
1217 1062 1279 1109 ad
1315 1062 1716 1125 praesbyteratum

304 1141 545 1186 spectant,
599 1129 716 1177 licet
762 1146 859 1177 non
906 1129 967 1177 sit
1017 1130 1167 1187 Fidei,
1223 1129 1498 1179 certissimis
1552 1138 1715 1175 tamen

305 1199 439 1247 Fidei
471 1198 790 1262 Dogmatibus
817 1214 922 1246 esse
946 1199 1317 1246 accensendam.
1389 1198 1512 1244 Haec
1549 1204 1715 1244 autem

300 1268 453 1316 inulto
495 1266 646 1329 magis
685 1266 892 1314 dicenda
928 1276 1040 1314 sunt
1079 1267 1138 1314 de
1177 1267 1473 1331 episcopatu,
1514 1280 1660 1329 quem
1686 1280 1715 1311 a

299 1334 599 1399 simplicibus
645 1333 991 1382 Sacerdotibus
1034 1334 1242 1382 conferri
1267 1349 1411 1398 posse
1437 1349 1579 1381 nemo
1619 1334 1711 1381 Ca-

298 1402 588 1451 tholicorum
616 1418 823 1464 unquam
851 1402 1069 1450 asseruit.

367 1475 613 1525 Quantum
639 1470 701 1517 ad
725 1469 1051 1526 diaconatum,
1089 1471 1218 1518 hunc
1246 1469 1477 1517 Ordinem
1514 1484 1655 1532 posse
1679 1485 1707 1515 a

295 1539 593 1603 simplicibus
622 1536 967 1585 Sacerdotibus
993 1537 1198 1585 conferri
1234 1537 1387 1583 visum
1414 1545 1485 1583 est
1512 1535 1708 1599 quibus-

295 1608 405 1654 dam
433 1605 714 1669 Theologis‚
741 1605 866 1652 inter
891 1621 1012 1668 quos
1033 1605 1341 1667 VasquesiuS,
1364 1603 1702 1659 Gamachu’us.¹

296 1676 627 1729 YsambertuS,
667 1673 1004 1721 Verum-salva
1029 1689 1133 1735 quae
1168 1673 1240 1719 his
1267 1672 1530 1733 Theologis
1555 1672 1703 1719 debe-

294 1755 369 1791 ter
410 1739 700 1796 reverentia,
736 1741 895 1804 potior
920 1740 1040 1787 ratio
1067 1740 1289 1789 habenda
1325 1749 1396 1786 est
1439 1739 1701 1802 Scripturae

290 1827 455 1867 sacrae,
493 1808 772 1857 certissimae
798 1807 1107 1867 Traditionis,
1147 1809 1235 1857 SS.
1261 1808 1458 1854 Patrum
1485 1807 1702 1854 testimo*

289 1878 372 1935 nii,
410 1888 591 1927 sanctae
617 1877 853 1924 Ecclesiae
880 1892 992 1923 usus
1030 1886 1080 1925 et
1115 1875 1479 1925 consuetudinis
1523 1875 1697 1937 quibus

288 1948 597 2010 exploratum
645 1955 719 1992 est
765 1944 903 1991 nobis
952 1945 1243 2008 cuicumque
1301 1959 1397 1990 non
1452 1943 1698 2005 Episcopo

287 2013 500 2077 delegari
527 2029 623 2059 non
648 2028 789 2076 posse
825 2012 1152 2062 hierarchicos
1178 2011 1387 2061 Ordines
1413 2009 1694 2059 conferendi

283 2092 593 2145 potestatem.

703 2214 955 2287 Solvgmtur
980 2215 1275 2281 Oojectiones.

351 2353 454 2417 ΟᾷῘ.
494 2354 569 2398 10·
607 2350 833 2414 Synodus
860 2352 1124 2415 Ancyrana
1161 2366 1248 2400 can
1286 2354 1367 2398 53.
1412 2348 1457 2395 in
1501 2346 1684 2397 Codice

279 2420 502 2484 Dionysii
551 2418 681 2483 apud
716 2420 974 2467 Justellum
1012 2418 1082 2465 sic
1120 2418 1294 2465 habet:
1338 2416 1687 2480 Chorepiscopis

247 2486 250 2489 ’
278 2506 368 2536 non
399 2488 502 2536 licet
528 2486 848 2551 Proesbyteros
889 2495 938 2533 ut
980 2487 1216 2535 Diaconos
1251 2486 1485 2539 ordinare,
1520 2484 1602 2530 sed
1639 2491 1683 2529 et

276 2554 592 2619 Prcesbyteris
619 2554 833 2602 Civitatis
868 2555 968 2602 siue
985 2560 1211 2618 proecepto
1247 2551 1465 2617 Episcopi
1490 2549 1573 2598 »vel
1605 2550 1682 2597 lit-

272 2624 387 2670 teris
431 2624 479 2670 in
527 2638 801 2687 unaquaque
846 2621 1097 2687 Paroclria.
1184 2620 1316 2683 Ergo
1365 2618 1677 2682 Praesbyteris

271 2689 534 2754 Civitatum
560 2705 670 2736 cum
692 2688 1346 2751 bonaEpiscoporumfivenia
1364 2687 1548 2734 licitum
1574 2696 1678 2733 erat

236 2757 600 2820 „Pr-aesbyteros
625 2768 671 2803 et
700 2756 945 2803 Diaconos
970 2755 1206 2803 ordinare.
1565 2784 1569 2791 ·

265 2824 267 2826 ’
338 2822 615 2888 Respondet.
670 2825 741 2869 1⁰·
769 2847 777 2853 —
806 2823 1028 2871 Vitassz'us
1070 2823 1216 2870 fidem
1264 2839 1359 2869 non
1407 2837 1511 2869 esse
1546 2820 1671 2866 hanc

269 2892 535 2940 versionem
560 2906 618 2937 ac
652 2889 778 2937 forte
803 2889 1085 2938 mendosum
1112 2906 1217 2939 esse
1253 2890 1400 2937 huncr
1419 2903 1668 2943 canonem,

269 2975 319 3008 et
366 2957 463 3007 hoc
498 2957 642 3006 modo
695 2958 1050 3022 supplendum:
1102 2959 1183 3007 sed
1233 2976 1313 3007 nec
1360 2955 1668 3071 P›·a2csog{e3{s

1495 3039 1670 3071 TUZGZS
