1846 3250
305 154 369 202 38
800 156 1225 209 TRACTATUS

303 300 582 341 constantes
617 307 708 339 nec
739 293 799 340 ab
826 293 1050 342 Ecclesia
1085 296 1260 343 mutari
1299 306 1511 359 possent,
1550 298 1618 346 uti
1645 316 1717 347 os-

301 360 545 409 tendimus
571 360 617 406 in
645 360 810 408 Tract.
835 361 896 409 de
925 363 1249 412 Sacramentis
1272 364 1318 410 in
1344 382 1541 428 genere,
1577 367 1713 415 satis·

302 445 398 493 que
424 438 614 476 constat
633 444 712 475 ex.
732 428 919 477 Concil.
944 429 1081 477 Trid.
1102 446 1218 478 sess.
1244 434 1323 480 21.
1349 449 1455 496 cap.
1480 435 1524 480 2.
1546 434 1624 482 ubi
1651 436 1719 495 de

301 497 514 545 claratur
536 497 653 545 hanc
684 504 958 562 potestatem
994 506 1216 564 perpetuo
1241 501 1289 549 in
1315 501 1518 550 Ecclesia
1532 555 1540 565 ⁴
1542 504 1709 564 fuisse,

299 573 350 614 ut
392 565 439 613 in
498 567 893 614 Sacramentorum
940 567 1297 630 dispensatione,
1347 568 1475 618 salva
1521 569 1707 618 illorum

295 633 571 689 substantia,
607 650 660 681 ea
681 640 903 681 statueret
929 632 1000 682 vel
1015 643 1212 684 mutaret
1236 653 1337 701 quae
1370 638 1709 703 suscipientium

296 700 491 751 utilitati
513 718 592 749 seu
626 701 827 765 ipsorum
855 703 1258 751 Sacramentorum
1292 706 1578 754 venerationi
1611 723 1708 756 ma.-

289 771 368 835 gis
408 769 623 833 expedire
646 769 906 834 judicaret.
980 770 1132 833 Atqui
1168 781 1329 820 tamen
1376 773 1415 820 si
1463 774 1707 837 porrectio

293 838 739 895 instrumentorum,
785 838 1010 886 unctiove
1046 838 1218 902 capitis
1255 850 1304 887 et
1327 856 1555 888 manuum
1579 852 1707 889 esset

297 904 604 954 Ordinationi
625 904 907 964 essentialis,
935 907 1136 954 materia
1150 923 1234 955 seu
1253 924 1362 971 pars
1385 908 1520 956 istius
1539 908 1707 957 Sacra-

292 974 443 1022 menti
469 972 735 1021 essentialis
759 989 854 1021 non
874 986 998 1023 esset
1021 984 1248 1023 constans
1267 991 1359 1024 nec
1378 976 1705 1033 immutabilis,

274 1058 405 1092 ‘cum
427 1058 513 1106 per
536 1041 710 1089 decem
733 1042 913 1090 saecula
937 1058 1031 1089 non
1056 1042 1203 1091 fuerit
1228 1043 1358 1107 apud
1382 1043 1583 1093 Latinos
1608 1046 1704 1093 usi-

292 1120 412 1168 tata,
448 1126 540 1158 nec
566 1125 773 1173 unquam
800 1110 930 1173 apud
958 1111 1158 1159 Graeeos
1182 1112 1462 1161 obtinuerit.

359 1178 589 1233 Quamvis
636 1187 799 1226 autem
840 1179 1267 1227 instrumentorum
1302 1179 1546 1244 porrectio
1588 1198 1700 1229 cum

288 1246 448 1312 verbis
472 1245 714 1309 adjunctis
746 1262 841 1292 non
867 1246 929 1293 sit
951 1262 1062 1310 pars
1088 1247 1394 1295 Ordinationi
1415 1248 1699 1305 essentialis,

269 1315 458 1364 ⁴sedulo
484 1325 645 1363 tamen
669 1313 923 1362 retinenda
947 1325 1018 1362 est
1056 1331 1114 1363 ac
1149 1317 1466 1374 observanda,
1504 1333 1613 1364 cum
1639 1318 1702 1364 sit

288 1384 433 1432 Ritus
469 1382 594 1430 illius
623 1382 921 1430 Sacramenti
947 1382 1212 1446 integrans,
1240 1395 1340 1443 Vaut
1366 1385 1537 1433 saltem
1573 1399 1702 1432 sum-

285 1469 364 1501 ma
382 1450 693 1500 veneratione
710 1449 901 1513 dignus,
922 1461 950 1498 a
973 1451 1293 1515 septingentis
1312 1453 1373 1500 ad
1390 1453 1546 1501 minus
1564 1453 1699 1500 annis

284 1520 416 1584 apud
439 1519 645 1567 Latinos
672 1519 891 1574 usitatus,
928 1519 976 1565 in
1004 1518 1189 1567 Ordine
1214 1536 1409 1567 romano
1435 1531 1485 1568 et
1510 1521 1698 1568 cunctis

281 1589 534 1636 ritualibus
567 1585 726 1633 Libris
766 1595 1041 1643 contentuS‚
1078 1587 1140 1634 ad
1175 1587 1546 1650 significandum
1588 1589 1693 1637 uni-

281 1660 571 1718 uscujusque
597 1652 793 1702 Ordinis
818 1654 961 1701 finem
989 1664 1036 1701 et
1063 1654 1288 1703 effectum
1315 1656 1604 1719 aptissimus.

351 1724 402 1772 Si
428 1725 533 1788 quis
569 1737 684 1770 vero
724 1720 997 1770 sciscitatus
1031 1722 1177 1771 fuerit
1200 1722 1278 1785 qui
1304 1724 1456 1787 prima
1480 1725 1537 1772 sit
1565 1725 1695 1789 apud

280 1793 484 1841 Latinos
521 1789 647 1837 illius
687 1788 830 1837 Ritus
872 1789 1024 1852 erige,
1094 1790 1252 1839 dicam
1302 1808 1411 1838 cum
1456 1793 1692 1851 Arcudi0,

282 1860 520 1917 Hallerio,
569 1857 782 1915 Morino,
825 1857 1018 1905 difficile
1058 1858 1318 1906 admodum
1354 1875 1460 1907 esse
1498 1871 1689 1924 tempus

279 1928 533 1994 proefigere
559 1943 655 1989 quo
685 1926 827 1973 Ritus
851 1926 931 1972 ille
958 1942 1183 1973 manuum
1210 1928 1499 1990 impositioni
1523 1946 1690 1992 super-

279 1997 474 2045 additus
497 1994 659 2042 tuerit.
729 1994 883 2041 Notat
909 1993 1197 2053 Martenius,
1223 1995 1305 2042 lib.
1337 1999 1376 2042 1.
1402 1995 1463 2043 de
1482 1997 1689 2060 antiquis

281 2064 520 2113 Ecclesiae
548 2062 758 2115 Ritibus,
794 2077 902 2124 cap.
929 2065 974 2108 8.
1010 2073 1099 2109 art.
1127 2066 1173 2111 9.
1209 2080 1257 2109 n.
1282 2067 1356 2114 17.
1386 2063 1502 2111 hanc
1518 2065 1691 2112 instru-

277 2141 527 2181 mentorum
551 2129 846 2177 traditionem
863 2130 1188 2193 proescriptam
1220 2131 1421 2197 reperiri
1441 2134 1490 2179 in
1515 2132 1686 2180 Ponti-

255 2200 400 2265 ζΪῐσαίί
425 2198 639 2247 Rabdodz·
665 2196 984 2246 Noviomensis
1010 2198 1243 2264 Episcopi,
1291 2203 1418 2263 cajus
1441 2200 1683 2248 character

277 2269 448 2319 accedit
473 2266 538 2314 ad
557 2282 703 2314 amics
729 2266 1024 2329 octingentos.

641 2430 644 2433 Α
699 2466 1119 2516 PROPOSITIO
1157 2466 1243 2513 1v.

275 2609 506 2658 ,Μανιτιῑινη
543 2603 788 2667 impositio,
840 2611 884 2651 et
929 2603 1108 2668 quidem
1165 2601 1261 2649 sola
1310 2603 1564 2652 essentialis
1613 2614 1679 2653 est

345 2672 633 2723 Sacramenti
675 2671 866 2719 Ordinis
912 2671 1106 2719 materia
1124 2690 1143 2725 ,·
1159 2672 1331 2734 forma
1370 2688 1490 2730 vero,
1530 2675 1678 2721 oratio

339 2742 383 2790 ei
405 2739 774 2803 correspondens.
1154 2740 1155 2743 ’

339 2874 552 2924 Proh.1.
593 2876 808 2938 pars-1⁰·
870 2873 947 2919 Ex
998 2870 1256 2935 Scripturis
1302 2889 1408 2935 quae
1452 2890 1674 2920 manuum

271 2960 416 3009 super
456 2940 762 2992 Ordinandos
797 2938 1089 3004 impositioni
1128 2939 1344 2989 Gratiam
1382 2940 1675 3057 adscar'ibunt,

1442 3010 1485 3057 A
1522 3024 1674 3057 moneo
