1846 3250
467 157 565 205 DE
604 150 1102 204 MATRIMONIO.
1424 152 1547 220 409⁸

98 289 246 343 Unde
270 288 357 340 sic.
426 289 566 338 Idem
593 298 667 336 est
693 287 922 336 Minister
947 297 997 335 et
1022 301 1170 335 causa
1194 284 1528 336 efficiensma-

97 358 342 407 trimonii.
398 356 534 431 atqni
593 357 940 404 contrahentes
975 364 1087 403 sunt
1116 369 1269 402 causa
1315 354 1529 404 efficiens

97 425 420 479 matrimonii,
457 429 593 486 ergo.

166 493 231 541 R.
251 494 358 541 dist.
383 462 765 549 contrahentes,
790 506 853 537 ex
882 488 1108 552 Eugenio
1134 488 1224 536 IV.
1238 498 1356 537 sunt
1378 480 1530 539 causa

97 547 312 609 efficiens
338 559 646 614 matrimonii,
688 567 930 622 quatenus
964 567 1038 605 est
1076 564 1359 605 contractus
1384 567 1531 606 natu·

96 627 211 674 ralis
236 637 285 674 et
312 626 481 683 civilis,
507 642 630 675 conc.
677 637 917 688 quatenus
959 634 1034 672 est
1059 634 1342 672 contractus
1366 625 1530 673 eccle-

96 694 320 742 siasticus
347 705 395 742 et
422 696 809 746 Sacramentum,
835 710 937 757 neg.
1008 690 1250 739 Nimirum
1278 692 1532 755 Eugenius

101 767 347 810 Armenos
404 778 463 810 ea
497 762 649 808 voluit
708 762 919 808 edocere
978 768 1167 807 tantum
1220 774 1342 821 quaer
1394 759 1530 824 apud

100 832 268 877 omnes
294 839 430 877 certa
458 834 623 886 erant,
662 844 758 874 non
782 843 898 875 vero
941 843 1049 890 quae
1085 826 1217 890 apud
1247 825 1533 890 Theologos·

100 898 611 949 contr-evertebantur,
647 895 807 959 qualia
830 904 942 941 sunt
980 910 1039 941 ea
1063 910 1172 956 quae
1196 893 1443 956 pertinent
1466 894 1531 942 ad

102 963 385 1012 Ministrum
415 963 719 1012 Sacramenti
746 961 1065 1009 Matrimonii.
1134 959 1195 1006 Id
1227 969 1419 1007 constat.
1448 964 1531 1007 1⁰·

101 1031 215 1106 qnia
233 1030 270 1077 si
297 1030 529 1089 voluisset
546 1019 684 1093 loqni
728 1029 791 1076 de
826 1028 1053 1075 Ministro
1092 1026 1395 1077 Sacramenti
1423 1028 1533 1076 Ma·

100 1097 310 1145 trimonii
359 1086 597 1150 dixisset;
633 1089 861 1144 Minister
870 1095 1215 1209 2'Sacramenta
1252 1110 1351 1141 non
1397 1111 1535 1154 vero,

98 1180 240 1212 causa
265 1165 475 1229 efficiens
483 1164 785 1212 matrimonii.
939 1162 1116 1210 ·Cum
1142 1162 1204 1208 de
1225 1160 1334 1209 aliis
1361 1162 1534 1212 Sacra-

101 1232 278 1279 mentis
302 1231 420 1294 agit,
444 1247 541 1278 eos
566 1230 812 1307 sigma-tim
847 1229 1101 1278 Ministros
1126 1228 1326 1278 indicat.
1421 1231 1537 1280 Pri·

103 1315 225 1346 mam
265 1301 626 1357 Sacramentum,
665 1297 837 1360 inquit,
871 1305 940 1345 est
978 1297 1267 1362 Baptismus,
1306 1297 1559 1348 Minister>

102 1366 240 1430 Iustis
266 1359 557 1425 Sacramenti
586 1372 653 1413 est
695 1366 934 1413 Sacerdos.
1027 1368 1098 1411 At
1123 1380 1239 1412 vero
1264 1371 1390 1412 cnm
1426 1381 1537 1428 per-

106 1433 239 1482 venit
274 1433 337 1480 ad
373 1432 749 1488 matrimonium,
787 1448 883 1480 non
924 1430 1046 1480 dicit
1086 1432 1212 1480 sicut
1237 1431 1371 1495 prius
1395 1432 1540 1482 dixe-

105 1508 212 1547 rat:
251 1501 477 1548 Minister
500 1500 638 1565 hujus
671 1500 978 1555 sacramenti,
1015 1500 1121 1557 sed,
1149 1516 1303 1547 -causa
1340 1499 1540 1563 afficiens

108 1567 429 1616 matrimonii:
488 1567 616 1628 quod
675 1577 966 1628 argu-mento
1023 1578 1098 1614 est
1133 1566 1290 1629 ipsum
1326 1565 1540 1615 noluisse

110 1634 413 1682 sacramenti
474 1633 777 1681 Matrimonii
835 1633 1116 1681 Ministrum
1169 1632 1404 1689 indicare,
1451 1634 1541 1683 sed

109 1712 520 1749 tantumcausam
561 1710 842 1748 contractus
885 1700 1189 1748 connubialis
1230 1700 1542 1750 efficientem.

108 1768 317 1830 Eugenii
366 1768 455 1814 IV.
502 1766 776 1815 doctrinam
826 1768 1027 1815 Rituale
1068 1782 1320 1814 romanum
1357 1768 1539 1831 apertis

107 1837 267 1883 verbis
302 1834 562 1898 exprimit:
597 1835 814 1899 Efficiens
853 1851 994 1882 eausa
1030 1835 1330 1889 matrimonii,
1366 1835 1539 1897 inquit,

106 1910 214 1951 sunt
250 1902 340 1965 ipsi
395 1901 733 1963 contrahentes,
787 1901 837 1948 in
897 1909 1121 1965 quantum
1174 1909 1239 1949 est
1274 1909 1561 1952 contractus-

106 1971 339 2032 quidam:
376 1977 427 2015 at
465 1984 587 2023 vero,
623 1976 676 2014 ut
715 1975 783 2015 est
828 1970 1196 2026 Sacramentum,
1224 1969 1451 2017 Minister
1473 1978 1540 2019 est

106 2053 246 2084 causa
272 2034 652 2090 instrumentalis,
689 2035 804 2082 sicut
828 2036 875 2082 in
901 2035 1008 2083 aliis
1036 2036 1367 2084 Sacramentis.

176 2104 297 2151 Inst.
336 2103 527 2164 Eugen.
553 2102 642 2148 IV.
670 2101 886 2163 loquitur
928 2103 991 2150 de
1019 2102 1337 2150 Sacramento
1356 2103 1542 2152 Matri-

109 2170 274 2217 monii.
347 2168 597 2233 Septimum
627 2171 992 2226 Sacramentum,
1030 2169 1200 2230 inquit,
1229 2178 1310 2217 est
1359 2171 1543 2220 Matri·

110 2238 325 2285 monium.
408 2235 573 2298 Ergo
587 2235 931 2283 contrahentes
973 2246 1085 2283 sunt
1128 2235 1176 2284 in
1201 2237 1351 2300 ipsius
1378 2250 1543 2287 mente

111 2319 258 2351 causa
284 2302 496 2351 efficiens
520 2319 607 2350 seu
635 2299 861 2349 Minister
887 2303 1035 2365 ipsius
1064 2303 1384 2352 sacramenti.

182 2370 247 2416 R.
271 2370 378 2418 dist.
401 2371 690 2417 antecedens.
724 2369 987 2432 Eugenius
1027 2370 1241 2432 loquitur
1279 2370 1342 2418 de
1370 2372 1546 2420 Sacra·

112 2445 279 2484 mento
338 2436 657 2492 Matrimonii,
695 2452 804 2483 cum
815 2406 991 2484 e'docet
1030 2436 1387 2485 matrimonium
1438 2455 1546 2488 esse

116 2520 263 2551 unum
290 2518 317 2550 e
341 2513 528 2565 septem
575 2503 919 2561 sacramentis,
961 2522 1084 2552 conc.
1112 2519 1223 2551 curn
1250 2505 1547 2555 determinat

112 2571 239 2618 iliius
291 2584 486 2617 causam
541 2570 851 2627 efficientem,
903 2588 1006 2636 neg.
1057 2580 1256 2635 propter
1305 2573 1565 2650 rationem·

114 2637 260 2685 modo
284 2637 497 2683 allatam.
1416 2668 1419 2670 -
1530 2672 1534 2675 1

187 2704 290 2765 Oh).
329 2705 407 2749 30·
470 2703 784 2751 Matrimonia
844 2664 1163 2762 clandestina,
1214 2704 1330 2754 licet
1379 2706 1546 2763 vetita,

113 2771 312 2818 fuerunt
340 2781 502 2818 tamen
527 2766 640 2818 ante
685 2772 872 2819 Concil.
917 2771 1050 2818 Trid.
1076 2783 1178 2819 rata
1204 2784 1253 2820 et
1278 2773 1452 2830 valida,
1492 2786 1546 2822 ut

116 2847 308 2897 constat
346 2852 407 2884 ex
445 2852 560 2886 sess,
579 2840 685 2884 24
710 2854 753 2885 c.
804 2842 843 2885 1.
879 2838 942 2886 de
986 2838 1206 2886 Reform.
1247 2840 1328 2887 ubi
1364 2840 1546 2901 leg-itur

114 2904 403 2958 clandestina
421 2904 842 2954 matrimoniorum
863 2915 907 2955 et
932 2923 1038 2959 vssra
1056 2906 1211 2968 faisse
1227 2908 1567 2964 matrimonia,-

413 2998 417 3003 ·
1337 2975 1547 3037 quandiu
