1846 3250
252 147 349 198 176
720 144 1174 206 TRAcTATUs

287 280 442 335 ⁴In'sc.
501 282 577 326 10·
631 279 723 328 Sic
769 280 916 329 habet
948 281 1329 346 ‘Hieronymusz
1387 281 1679 347 Antequam·

254 351 504 401 diceretur,
554 364 638 409 090
682 365 788 395 sum
820 349 1004 407 Pauli,
1040 367 1123 411 090
1162 349 1354 413 Apollo,
1396 369 1481 413 eqo
1503 363 1660 401 autem

264 414 454 478 Cepkoe,
492 414 541 461 id
566 424 657 473 est,
693 427 806 464 ante
830 417 1038 466 schisma
1064 418 1504 478 Corinthianorum,
1542 437 1667 468 eom·

255 485 392 532 muni
415 482 611 530 ‹onszlio
649 484 1052 546 Praesbyterorum
1074 484 1304 533 Ecclesice
1326 487 1666 552 gubernaban-

257 561 350 597 taur
421 551 553 614 Ergo
593 552 904 628 Praesbyteris
940 554 1230 602 auctoritate
1268 570 1363 601 non
1403 557 1665 605 antecelle-

253 620 369 667 bant
397 618 643 683 Episcopi.

324 686 387 735 R.
411 688 519 735 dist.
557 688 812 737 Communi
838 688 1055 746 consilio,
1092 688 1180 737 sed.
1217 703 1311 736 non
1351 690 1521 739 eadem
1548 708 1668 740 auc·

259 755 455 803 toritate
497 755 772 813 intrinseca,
808 774 952 804 cone.
998 757 1167 805 eadem
1216 757 1523 815 auctoritate,
1560 777 1664 821 περ).

258 822 498 877 Nimirum
538 823 819 887 dependens
858 835 963 872 erat
1001 826 1411 888 Praesbyterorum
1456 829 1668 875 auctori-

257 902 349 948 tas,
386 891 719 955 independens
755 909 868 940 vero
910 909 969 940 ac
1010 892 1254 957 praecipua
1285 892 1375 944 fuit.
1401 893 1667 972 Episcopo-

256 975 363 1007 rum
403 970 632 1022 potestas
704 960 785 1008 Sic
825 961 874 1008 S.
900 961 1171 1025 Cyprianus
1207 960 1373 1009 statuit
1412 962 1525 1008 nihil
1563 965 1668 1011 sine

258 1027 675 1091 Rraesbyterorum
731 1045 789 1077 ac
849 1027 1179 1076 Diaconorum
1240 1027 1441 1076 consilio
1499 1046 1664 1093 agere,

258 1096 472 1155 quamvis
496 1106 630 1152 tunc,
669 1113 728 1144 ex
761 1096 865 1160 ipso
893 1092 1213 1161 Hieronymo,
1252 1096 1481 1161 Episcopi
1506 1110 1667 1147 essent

251 1163 574 1226 ‘Praesbyteris
599 1174 648 1212 et
674 1163 906 1212 Diaconis
929 1166 1215 1227 supeiimes.

325 1230 448 1278 Inst.
493 1234 572 1278 20·
628 1232 896 1296 Progressu
944 1233 1174 1296 temporis
1216 1241 1265 1280 et
1304 1232 1353 1278 in
1395 1235 1687 1281 remedium¹

259 1298 530 1346 schismatis
544 1300 738 1363 factum
761 1308 828 1347 est
848 1308 903 1347 ut
925 1317 1051 1348 unus
1073 1302 1130 1347 de
1154 1300 1467 1362 Praesbyterz's
1494 1301 1660 1348 electus

257 1368 438 1415 eceterz‘s
460 1375 869 1430 superponeretur.
937 1368 1070 1431 Ergo
1095 1385 1190 1414 non
1217 1368 1304 1415 nisi
1330 1370 1538 1417 humano
1555 1374 1666 1430 jure

259 1434 468 1482 obtinuit
496 1435 850 1498 Episcoporum
876 1434 1123 1484 distinctio
1147 1451 1205 1484 ac
1230 1437 1606 1499 praeeminentia.

327 1504 387 1550 R.
421 1503 492 1549 1⁰·
524 1503 660 1564 sequi
698 1519 760 1550 ex
799 1520 858 1551 eo
894 1514 1183 1567 argumento
1221 1505 1286 1552 D.
1313 1499 1668 1568 Hieronymum

261 1570 565 1626 existimasse
606 1571 1015 1633 praeeminentiam
1047 1571 1383 1636 Episcoporun
1421 1572 1667 1621 introduc-

259 1652 355 1689 tam
379 1637 528 1703 fuisse
554 1638 810 1686 occasione
844 1639 1115 1687 schismatis
1151 1640 1454 1697 corinthiani,
1491 1657 1575 1688 seu
1607 1657 1668 1688 eo

258 1720 478 1769 tempore
505 1722 601 1768 quo
642 1706 826 1753 dictum
873 1716 963 1764 est,
999 1724 1081 1784 090
1104 1724 1209 1754 sum
1241 1708 1411 1766 Paule,
1447 1726 1528 1770 eqo
1563 1725 1667 1756 sum

267 1774 453 1837 cephae,
492 1789 550 1820 ac
577 1774 780 1837 proinde
820 1774 1032 1823 subverti
1074 1786 1285 1839 systema
1311 1776 1551 1824 Blondelli
1585 1777 1664 1839 qui

261 1852 429 1891 censet
455 1840 503 1889 id
528 1844 576 1889 2.
599 1858 709 1889 saec.
732 1842 912 1889 factum
937 1843 1101 1890 fuisse.

327 1910 747 1958 R.20·dist.1n
770 1910 1062 1958 remediums
1095 1910 1339 1967 chismatis
1373 1910 1555 1959 factum
1593 1922 1665 1959 est

260 1988 314 2026 ut
341 1994 462 2025 unus
487 1978 676 2037 caeteris
699 1987 1078 2041 praeponeretur,
1115 1989 1347 2041 quantum
1383 1980 1443 2026 ad
1470 1978 1664 2026 modurn

259 2046 612 2094 accidentalem
660 2046 990 2108 gubernandae
1037 2046 1292 2105 Ecclesiae,
1335 2064 1461 2095 eone.
1505 2046 1669 2110 quoad

263 2114 611 2169 characterem,
651 2113 811 2177 quoad
830 2119 912 2176 ¹ius
954 2124 1005 2162 et
1045 2115 1300 2178 primatum
1343 2115 1391 2161 in
1416 2115 1668 2178 regimine,

261 2198 364 2243 ⁷²09·
435 2180 672 2228 Nimirum
732 2182 874 2228 inter
915 2183 1068 2258 prima
1131 2182 1396 2245 Religionis
1466 2182 1668 2230 exordia

260 2249 491 2313 Episcopi
516 2259 620 2296 tota
642 2264 730 2296 sua
753 2249 1042 2297 auctoritate
1067 2266 1161 2297 non
1188 2252 1464 2306 utebantur,
1500 2249 1585 2298 sed
1604 2250 1667 2296 ad

259 2317 570 2365 concordiam
606 2316 971 2380 Praesbyteros
959 2333 1006 2362 1n
1033 2312 1246 2379 regimen
1275 2318 1436 2364 Plebis
1459 2317 1670 2364 advoca-

259 2387 411 2440 bant.
462 2384 545 2432 Ad
592 2401 655 2433 ex
703 2401 789 2432 eo
810 2384 939 2447 quod
987 2384 1313 2447 Praesbyteros
1358 2385 1406 2431 in
1449 2384 1664 2448 regimen

260 2445 593 2502 Ecclesiarum
636 2463 688 2501 ut
715 2451 1030 2502 Conciliarios
1067 2451 1379 2509 advocarent,
1416 2469 1511 2499 non
1553 2452 1669 2501 inde

261 2520 490 2570 concludi
513 2531 674 2585 potest
698 2520 964 2584 perfectam
984 2520 1307 2583 aequalitatem
1334 2521 1458 2568 inter
1484 2533 1666 2568 utrum·

260 2605 354 2665 que
396 2589 613 2636 ordinem
656 2587 820 2645 fuisse,
855 2604 948 2636 nec
974 2588 1300 2665 Praesbyteros
1339 2588 1487 2636 fuisse
1522 2588 1568 2635 in
1606 2605 1666 2636 eo

226 2697 230 2711 ἱ
258 2656 481 2719 rigimine
503 2655 758 2733 Episcopis
789 2655 1142 2732 subordinatus,
1173 2657 1298 2704 sicut
1322 2655 1438 2705 licet
1465 2656 1670 2721 Moyses

260 2723 567 2800 septuaginta
589 2724 714 2772 viros
733 2723 795 2773 ad
813 2724 1029 2787 regimen
1056 2723 1227 2787 Populi
1253 2724 1503 2772 Israelitici
1524 2740 1667 2771 voca-

258 2792 399 2852 verit,
436 2808 536 2839 non
571 2791 685 2840 inde
731 2792 950 2857 sequitur
991 2790 1116 2839 viros
1161 2792 1267 2840 illos
1303 2792 1451 2841 fuisse
1500 2792 1665 2856 Moysi

256 2859 545 2916 auctoritate
567 2875 721 2923 pares.

322 2928 445 2977 Imt
481 2930 559 2976 30·
593 2925 828 2993 Episcopi
849 2930 1078 2991 noverint,
1114 2928 1275 2996 pergit
1314 2928 1443 2980 idem
1485 2927 1664 2974 Hiero-

1466 3009 1670 3059 nymus,
1682 3044 1683 3047 ,
