1846 3250
210 165 313 234 495
358 142 361 143 *
709 163 1142 217 TRACTATUS

210 299 330 356 ἶνες,
365 314 470 364 quae
517 297 644 347 filios
713 298 817 348 aliis
888 300 1172 351 mulieribus
1224 301 1288 351 ad
1333 300 1648 353 nutriendum

209 366 429 415 tradunt.
501 364 580 415 Ita
604 366 812 416 Basilius
839 368 1024 416 Homil.
1050 372 1130 417 21.
1162 370 1413 437 Chrys-ost.
1459 372 1649 423 Homil

211 437 295 482 50.
319 433 367 480 in
407 434 644 483 Psalmos.
682 435 970 498 Gregorius,
1008 437 1317 496 Ambrosius,
1354 443 1445 487 &c
1486 439 1648 502 Paga-

210 500 262 546 ni
286 501 417 549 idem
440 503 735 561 sentiebant,
772 512 826 550 ut
850 502 1017 551 videre
1042 514 1117 552 est
1152 506 1286 569 apud
1312 507 1499 555 Aulum
1523 506 1645 554 Gel-

209 567 330 615 lium
354 569 442 617 lib.
474 571 552 619 12.
579 570 729 618 Noet.
752 570 1030 619 atticarum.

279 636 473 685 Matres
520 635 584 685 ad
635 638 686 685 id
738 637 894 686 teneri
952 647 1120 686 monet
1171 638 1277 702 ipsa
1315 649 1489 688 natura
1536 655 1647 702 quae

209 687 330 755 nffll
364 703 486 753 facit
520 704 715 762 frustra,
751 722 960 769 quaeque
995 705 1073 753 lac
1108 722 1167 754 ac
1203 707 1492 755 nutriendos
1519 706 1648 754 filios

208 771 540 819 necessarium
580 789 676 820 non
720 772 855 819 dedit
893 773 1177 821 mulieribus
1210 773 1301 821 nisi
1338 791 1398 822 eo
1445 774 1542 822 fine
1590 784 1646 821 ut

207 836 308 887 hoc
352 838 528 887 officio
557 839 898 903 fungerentur.
990 841 1075 888 De
1113 840 1200 888 illo
1244 840 1405 889 officio
1445 856 1648 889 monen-

207 916 290 953 tur
325 907 554 955 mulieres
588 907 695 970 ipso
731 907 952 971 periculo
1009 906 1279 956 imminenti
1325 908 1382 956 iis
1437 908 1646 955 foeminis

208 988 322 1037 quae
363 974 687 1022 honorificum
736 976 895 1023 hoece
943 990 1119 1022 munus
1165 974 1433 1039 refugiunt,
1479 975 1648 1025 variis-

206 1054 306 1104 que
332 1042 513 1090 morbis
539 1041 621 1105 qui
646 1042 703 1089 iis
727 1042 956 1090 accidere
981 1042 1159 1090 solent.

279 1109 529 1157 Caeterum
553 1109 593 1156 si
631 1125 728 1156 non
769 1109 966 1173 possint
991 1110 1187 1173 proprio
1229 1110 1362 1158 lacte
1386 1110 1512 1158 filios
1551 1126 1646 1158 nu·

208 1173 342 1233 trite,
380 1186 625 1225 tenentur
646 1176 862 1225 nutrices
900 1176 1085 1240 eligere
1119 1194 1217 1224 non
1263 1177 1525 1241 improbas,
1542 1192 1643 1224 non

205 1243 485 1301 iracundas,
525 1260 624 1292 non
648 1244 959 1301 temulentas,
985 1260 1082 1291 non
1119 1244 1408 1307 impudicas,·
1443 1245 1531 1293 sed
1554 1245 1645 1292 bo·

204 1325 296 1358 nas
331 1320 379 1358 et
415 1312 544 1360 bene
580 1311 930 1375 morigeratas;
974 1328 1086 1359 eum
1134 1312 1344 1360 inf'antes
1390 1326 1488 1360 non
1529 1328 1642 1359 raro

206 1378 423 1427 diversas
469 1378 714 1427 nutricum
763 1378 1045 1427 affectiones
1108 1395 1221 1427 cum
1264 1380 1416 1428 lacte
1461 1395 1641 1443 sugere

204 1457 311 1493 tum
338 1446 682 1511 expe1itnento
709 1457 813 1495 tum
849 1446 1163 1496 Medicorum
1189 1446 1380 1509 judicio
1419 1454 1646 1515 comper-²

204 1522 310 1563 tum
336 1514 413 1563 sit.
1063 1547 1065 1557 ‚

279 1582 472 1637 Quaeres
508 1583 588 1630 20·
626 1582 746 1648 quid
782 1583 844 1632 de
891 1581 948 1630 iis
984 1579 1267 1646 parentibus
1329 1579 1641 1631 sentiendum

203 1647 293 1704 sit,
322 1650 403 1710 qui
418 1650 652 1725 proprios
678 1660 934 1714 exponunt
957 1651 1114 1698 filios.
1102 1651 1122 1683 ²

273 1713 340 1761 R.
381 1730 466 1762 eos
501 1717 782 1776 gravissime
820 1726 992 1762 contra
1029 1717 1221 1777 Legem
1279 1716 1549 1765 naturalem
1586 1724 1642 1763 et

200 1782 467 1830 humanam
502 1797 731 1845 peccare,
768 1781 857 1829 nisi
892 1797 1080 1829 summa
1119 1781 1269 1830 fuerit
1316 1797 1485 1830 eorum
1532 1783 1643 1829 ino-

200 1848 302 1912 pia.
375 1849 690 1897 Itauniversi
735 1848 987 1897 Ecclesiae'
1017 1848 1205 1897 Patres.
1240 1848 1529 1897 Lactantius
1554 1848 1641 1896 lib.v

204 1919 253 1963 2.
293 1915 454 1965 Instit.
496 1932 604 1980 cap.
631 1920 712 1964 20.
738 1916 884 1964 de'iis
906 1916 980 1963 sic
1015 1916 1234 1979 loquitur
1259 1934 1274 1963 ι
1314 1917 1549 1970 Quantum
1582 1917 1641 1964 in

199 1984 318 2045 ipsis
353 1992 436 2042 est,
473 1983 705 2033 crudelius
753 1991 922 2033 necant
970 2000 1107 2048 quam
1159 1984 1202 2032 si
1247 1982 1642 2048 strangulassent.

203 2050 368 2099 Curiae
389 2067 630 2114 supremae
673 2067 933 2115 corporeas
969 2066 1139 2114 poenas
1176 2050 1410 2099 matribus
1446 2050 1642 2114 prolem

202 2119 565 2196 exponentibus
591 2119 814 2182 infligere
839 2119 1016 2166 solent.
1648 2175 1651 2178 .

272 2186 411 2242 Dixi,
450 2187 543 2235 msi
572 2204 746 2235 summa
788 2188 848 2235 sit
880 2193 1131 2251 parentum
1159 2186 1335 2250 inopia.
1407 2184 1457 2234 Si
1505 2183 1636 2233 enim

201 2261 339 2300 tanta
374 2254 438 2301 sit
472 2254 636 2316 inopia
672 2264 928 2317 parentum
966 2263 1020 2300 ut
1054 2269 1316 2315 puerorum
1370 2251 1639 2300 necessita-

201 2319 332 2367 tibus
389 2320 947 2381 subvenirenequeant
1004 2320 1202 2376 laboris,
1252 2319 1501 2367 industriae
1548 2329 1635 2366 aut

201 2387 622 2450 eleemosynarum
659 2387 891 2443 subsidio,
951 2386 1074 2433 citra
1131 2396 1388 2450 peccatum
1432 2396 1640 2450 possunt-

200 2456 391 2517 prolem
427 2470 711 2518 exponere;
768 2455 857 2502 sed
918 2453 1102 2501 debent
1158 2454 1312 2517 prius,
1346 2453 1436 2500 nisi
1471 2454 1634 2504 obstet

202 2522 402 2569 aliunde
438 2537 585 2570 causa
643 2521 876 2584 legitima,
939 2520 1282 2583 Magistratum
1320 2531 1403 2568 aut
1442 2519 1634 2584 Orpha-

200 2588 474 2652 notrophiis
524 2590 818 2652 Praepositos
852 2587 987 2636 adire
1024 2598 1074 2635 et
1109 2598 1288 2635 statum
1325 2603 1466 2636 suum
1517 2603 1634 2650 ape-

200 2654 314 2713 rire,
353 2671 561 2718 eumque
614 2673 817 2718 puerum
877 2671 1023 2718 quem
1076 2655 1210 2707 inviti
1246 2670 1275 2702 a
1310 2670 1362 2701 se
1397 2653 1633 2715 abjiciunt

201 2733 259 2770 ut
293 2739 434 2770 suum
471 2739 757 2786 agnoscere,
818 2735 900 2771 aut
961 2722 1075 2771 data
1132 2722 1369 2770 schedula
1403 2731 1488 2769 aut
1535 2721 1636 2768 alio

200 2789 368 2838 modo.

273 2857 353 2903 Ex
380 2856 523 2904 dietis
555 2856 758 2919 colliges
797 2873 877 2905 eas
919 2855 1143 2905 foeminas
1185 2866 1268 2904 aut
1309 2854 1496 2931 puellas
1521 2870 1632 2917 quae

199 2921 515 2988 impudicitiae
551 2925 764 2973 velandae
825 2940 972 2973 causa
1025 2924 1209 2988 prolem
1253 2940 1314 2974 ex
1343 2905 1629 3035 conexibitu

1454 2989 1484 3037 il
1509 2999 1630 3036 ielto
