1846 3250
518 149 614 199 DE
655 150 1153 211 MATRIMONIO.
1474 155 1574 220 415ι

140 281 430 347 opponimus
471 283 814 334 auctoritatem
849 295 1071 334 veterum
1110 285 1328 343 Patrum,
1366 284 1448 349 qui
1487 301 1573 334 no-

138 351 213 398 bis
238 359 406 414 aperte
428 350 612 408 favent,
651 362 704 399 ut
730 362 922 400 constat
946 369 1010 401 ex
1036 364 1181 401 antea
1204 353 1381 401 dictis:
1419 368 1573 417 oppo-

135 418 294 466 nimus
321 417 639 467 Guillelmum
666 420 986 468 Parisiensem
1014 420 1096 484 qui
1132 432 1246 469 ante
1280 420 1572 470 Concilium.

140 475 480 532 Tridentinum
529 486 712 544 floruit,
751 486 951 550 quique,
1004 504 1114 535 cum
1176 503 1366 548 summa
1423 488 1570 537 laude

138 544 459 613 Theologiam
487 553 726 611 docuerit,
763 570 860 601 non
898 555 1055 603 caruit
1079 554 1379 617 Discipulis‚
1417 571 1571 619 oppo-

136 619 296 667 nimus
322 618 649 668 Melchiorem
681 622 886 677 Canum,
928 621 1175 670 Simonem
1202 623 1358 685 Vigor
1383 623 1572 686 Magis-

136 695 263 733 trum
291 685 611 736 Parisiensem
631 698 681 737 et
709 689 1149 753 Archiepiscopum
1178 689 1569 748 Narbonensem,

137 752 337 801 Petrum
364 754 625 803 Ledesma.
676 755 990 813 Bannesium,
1018 757 1329 813 Toletanum,
1358 757 1567 813 Estium,

139 820 375 884 Sylvium,
426 823 786 880 Maldonatum‚
833 823 1208 872 illustrissimum
1258 826 1460 873 Petrum
1503 825 1567 874 de

137 887 330 945 Mai-ca,
368 889 674 948 Frassenum,
719 891 947 939 Natalem
992 892 1352 948 Alexandrum,
1392 892 1567 955 quibus

134 955 350 1004 concinit
396 966 503 1006 tota
545 956 651 1006 fere
694 958 1060 1023 Theologorum
1103 958 1450 1007 hodiernorum
1487 975 1568 1008 ca-

131 1032 284 1072 terva.

210 1090 406 1149 Quaeres
430 1090 535 1154 quis
563 1091 805 1141 Sacerdos
839 1091 901 1142 sit
930 1091 1236 1143 Sacramenti
1260 1093 1566 1144 Matrimonii

131 1155 410 1206 Minister?

202 1224 270 1272 R.
304 1225 354 1271 in
396 1226 619 1275 omnibus
660 1227 781 1276 locis
820 1226 903 1276 ubi
945 1237 1147 1293 recepta
1189 1239 1264 1278 est
1308 1228 1567 1293 disciplina

134 1290 439 1350 Tridentina,
475 1294 757 1343 Ministrum
783 1295 910 1344 illius
950 1297 1252 1345 Sam-amenti
1281 1313 1386 1346 esse
1417 1298 1564 1346 Paro-

133 1359 280 1408 chum
317 1361 394 1409 vel
431 1361 578 1409 alium
606 1362 926 1411 Sacerdotem
962 1364 1025 1412 de
1062 1364 1211 1428 ipsius
1239 1365 1448 1413 Parochi
1475 1368 1565 1414 seu

136 1426 382 1476 Ordinarii
407 1427 622 1488 licentia,
660 1442 714 1479 ut
739 1440 931 1479 constat
962 1447 1025 1479 ex
1060 1441 1205 1480 antea
1241 1431 1403 1481 dictis.

561 1564 800 1615 CAPUT
843 1565 1155 1616 SEXTUM.

196 1695 280 1747 De
303 1698 545 1747 materiam
581 1705 627 1747 et
636 1701 809 1764 forma
838 1698 1139 1750 Sacramenti
1174 1701 1492 1751 Matrimonii.

199 1832 334 1881 HAEc
382 1833 715 1881 controversia
760 1832 975 1884 maxime
1021 1834 1205 1898 pendet
1266 1851 1329 1884 ex
1378 1852 1563 1899 praece-

129 1898 282 1948 denti.

201 1966 318 2014 Ex
306 1966 361 2014 iis
387 1966 470 2031 qui
498 1967 799 2016 Sacramenti
827 1968 1128 2017 Matrimonii
1155 1969 1409 2019 Ministros
1447 1987 1563 2018 con-

121 2038 267 2098 juges
292 2034 572 2092 admittunt,
609 2035 689 2083 alii
715 2052 826 2084 cum
854 2029 1121 2085 Catharino
1146 2037 1328 2087 docent
1355 2054 1560 2087 consen-

128 2118 235 2149 sum
277 2102 485 2166 partium
527 2102 676 2166 signis
723 2104 1049 2152 exterioribus
1091 2120 1372 2182 expressum
1415 2106 1559 2183 huJus

131 2169 435 2217 Sacramenti
481 2186 589 2218 esse
636 2172 905 2228 materiam,
944 2171 1151 2220 formam
1196 2190 1314 2221 vero
1362 2173 1409 2222 in
1458 2173 1560 2221 istis

129 2236 308 2284 Christi
335 2236 492 2285 verbis
517 2237 699 2285 Matth.
741 2242 817 2289 19.
842 2248 1047 2302 propter
1081 2240 1164 2289 hoc
1200 2241 1427 2307 relinquet
1453 2249 1561 2305 pat-

123 2320 219 2352 rem
258 2312 305 2352 et
341 2312 550 2362 matrem,
588 2321 694 2353 esse
721 2308 941 2368 positam.
1019 2306 1114 2355 Alii
1150 2319 1325 2371 putant
1351 2325 1558 2356 consen-

125 2386 233 2418 sum
258 2371 501 2419 internum
539 2373 931 2422 contrahentium
969 2391 1076 2423 esse
1101 2376 1370 2433 materiam,
1408 2378 1559 2424 verba

125 2449 292 2488 autem
318 2454 607 2487 consensum
634 2441 960 2518 exprimentia
984 2459 1091 2490 esse
1131 2442 1354 2509 formam.
1450 2443 1552 2490 Atii

125 2505 408 2553 existimant
448 2508 598 2554 verba
621 2509 842 2572 conjugis
877 2509 1017 2557 unius
1054 2525 1160 2557 esse
1200 2510 1466 2566 materiam,
1508 2523 1557 2559 et

124 2574 275 2621 verba
298 2572 496 2621 alterius
522 2590 629 2623 esse
652 2574 873 2634 formam.
945 2577 1045 2625 Alii
1073 2576 1333 2640 opinantur
1360 2589 1552 2625 contra-

126 2640 300 2689 hentes
341 2640 471 2704 ipsos
513 2657 620 2690 esse
662 2643 930 2700 materiam,
974 2645 1123 2693 verba
1170 2659 1332 2693 autem
1378 2648 1552 2707 quibus

130 2723 422 2756 consensum
470 2709 752 2773 exprimunt
793 2727 901 2759 esse
941 2711 1163 2761 formam.
1257 2713 1556 2761 Incredibile

126 2786 218 2831 est,
256 2791 352 2822 uno
377 2775 542 2834 verbo,
580 2789 761 2841 quanta
795 2777 855 2827 sit
898 2795 1065 2827 eorum
1090 2780 1297 2829 varietas
1322 2781 1370 2827 in
1396 2791 1552 2828 statu·

122 2841 260 2890 endis
284 2842 424 2906 huJus
451 2843 752 2893 Sacramenti
772 2847 973 2895 materia
998 2857 1047 2895 et
1070 2847 1241 2896 forma.
1317 2848 1550 2897 Commu-

127 2910 237 2960 nius
284 2920 446 2960 tamen
492 2928 581 2977 pro
623 2912 823 2961 materia
849 2925 1065 2964 mutuam
1105 2931 1365 2980 corporum
1401 2913 1552 2960 tradi-

713 2979 762 3028 N
782 2996 813 3027 n
840 2984 870 3028 3
1372 2981 1552 3029 tionem
