1846 3250
584 143 680 193 DE
719 141 1216 193 MATRIMONIO.
1518 146 1616 202 305

189 283 238 321 et
266 290 571 327 communem
598 277 814 341 stipitem
838 294 867 326 a
886 295 984 342 quo
1005 279 1192 326 ducunt
1212 276 1483 341 originem.
1538 279 1620 326 Ina

190 342 252 390 de
277 345 456 407 gradus
479 357 799 393 numerantur
820 348 1011 394 ratione
1034 345 1289 394 distantiae.
1476 358 1479 362 ’
1607 368 1609 370 ·

260 411 524 460 Lineaest
557 413 708 462 series
766 429 1081 476 personarum
1136 415 1196 461 ab
1241 413 1418 461 eodem
1452 411 1619 477 stipite

183 493 282 539 per-
301 478 517 537 diversos
541 480 723 542 gradus
749 481 1171 529 descendentium.
1610 510 1613 515 -

258 545 413 593 Linea
448 546 652 612 duplex,
691 564 785 597 una
821 559 974 605 recta,
1034 549 1128 597 alia
1186 547 1481 596 collateralis
1533 562 1621 598 seu

187 615 534 663 transversalis.
572 635 574 637 ·
628 622 630 624 ’
877 649 886 667 2
1058 617 1060 619 ’
1148 671 1150 674 ,

236 680 412 728 Linea
448 693 584 731 recta
619 682 962 747 complectitur
998 698 1230 746 personas
1280 698 1481 744 quarum
1527 697 1623 731 una

190 760 448 809 procreata
471 760 544 798 est
570 752 630 798 ab
656 752 825 808 altera,
865 761 918 799 ut
942 767 1075 807 avus,
1103 760 1258 813 pater,
1283 751 1428 806 filius,
1448 766 1619 814 nepos,

187 829 447 879 pronepos.
518 817 716 867 Dicitur
755 819 1114 875 ascendentium,
1148 816 1187 865 si
1227 833 1257 864 a
1296 818 1505 880 posteris
1546 819 1622 864 in-

189 881 416 944 cipiendo
442 886 778 948 perveniamus
803 887 865 934 ad
890 885 1123 949 stipitem.
1194 884 1391 932 Dicitur
1433 886 1619 935 descen·

185 951 405 1007 dentium,
432 952 470 999 si
495 969 526 1000 a
550 953 715 1017 stipite
741 954 1111 1017 progrediamur
1135 951 1197 999 ad
1222 963 1459 1015 posteros.

255 1017 413 1065 Linea
435 1020 729 1069 collateralis
755 1032 828 1068 est
853 1022 1002 1068 series
1044 1035 1378 1083 personarum,
1416 1035 1619 1081 quarum

187 1099 280 1132 una
308 1101 402 1142 non
428 1086 686 1136 descendit
711 1089 771 1136 ab
815 1088 924 1146 alia,
961 1088 1048 1135 sed
1093 1104 1201 1152 quae
1226 1087 1384 1134 solum
1411 1087 1619 1135 descen-

185 1151 307 1200 dunt
336 1150 403 1201 ‘ab
440 1156 615 1203 endem
651 1156 833 1220 stipite,
889 1167 942 1204 ut
967 1155 1128 1216 ‘frater
1165 1166 1214 1203 et
1251 1171 1404 1212 soror,
1442 1170 1620 1203 conso-

184 1218 306 1266 brini
333 1232 383 1267 et
407 1238 574 1270 eorum
598 1223 699 1271 filii.
736 1224 862 1272 Haec
880 1234 1045 1272 autem
1065 1224 1141 1272 vel
1168 1233 1242 1270 est
1261 1221 1478 1287 aequalis,
1500 1239 1615 1271 cum

185 1289 534 1351 consanguinei
561 1306 590 1338 a
631 1292 875 1339 communi
917 1291 1084 1355 stipite
1122 1291 1374 1353 aequaliter
1417 1290 1620 1349 distant,

185 1365 241 1401 ut
263 1355 414 1403 frater
452 1367 503 1405 et
538 1374 706 1407 soror:
735 1360 819 1407 *vel
860 1358 1128 1422 inaequalis,
1173 1375 1286 1406 cum
1323 1357 1617 1421 consangui-

182 1437 303 1471 neus
327 1424 452 1472 alter
477 1426 648 1489 magis,
671 1428 801 1476 alter*
820 1427 977 1475 minus
1002 1442 1031 1474 a
1054 1425 1300 1475 communi
1324 1425 1491 1489 stipite
1517 1425 1613 1474 dis-

183 1499 270 1547 tat,
310 1500 363 1538 ut
386 1491 537 1541 frater
563 1505 612 1542 et
631 1493 768 1543 fratis
791 1495 935 1542 filius.

256 1559 450 1616 Quaeres
496 1564 556 1608 1⁰·
592 1562 838 1626 quomodo
892 1559 1208 1626 computandi
1257 1561 1354 1609 sint
1407 1576 1612 1609 consan-

179 1626 430 1690 guinitatis
465 1629 689 1692 gradus?>

247 1694 314 1743 R.
351 1704 448 1744 tres
473 1712 502 1744 a
524 1697 557 1745 J
563 1713 647 1745 ure
673 1697 912 1745 canonico
931 1695 1034 1744 dari
1061 1695 1271 1760 regulas.

252 1765 294 1810 1.
318 1761 510 1829 Regula
523 1780 622 1827 pro
644 1763 771 1814 linea
795 1773 939 1813 recta.
1033 1766 1090 1812 In
1124 1764 1253 1811 linea
1277 1773 1415 1811 recta
1439 1778 1610 1811 ascen·

177 1827 395 1878 dentium
433 1841 484 1880 et
520 1832 926 1880 descendentium
973 1841 1060 1880 tot
1115 1841 1231 1880 sunt
1269 1832 1451 1893 gradus
1488 1842 1610 1894 quot

175 1909 285 1946 sunt
312 1911 548 1960 personae,
575 1899 774 1963 dempto
799 1899 982 1963 stipite.
1053 1899 1218 1956 Pater,
1250 1898 1396 1956 filius,
1435 1914 1613 1962 nepos‚‘

177 1981 422 2029 pronepos
448 1976 659 2030 quatuor
682 1976 795 2015 sunt
819 1983 1055 2030 personae,
1085 1977 1134 2015 et
1158 1977 1258 2014 tres
1284 1976 1472 2014 tantum
1499 1982 1616 2030 graa·

176 2033 284 2091 dus,
321 2033 435 2096 quia
483 2043 581 2081 tres
627 2046 738 2083 sunt
781 2045 969 2083 tantum
1011 2034 1370 2099 generationes,
1407 2044 1610 2098 tresque

176 2104 413 2164 personae,
441 2101 641 2165 dempto
665 2101 847 2168 stipite.
1420 2141 1422 2144 Α

245 2171 290 2216 2.
326 2168 514 2234 Regula
543 2186 640 2232 pro
679 2170 802 2220 linea
839 2169 1101 2219 collaterali
1123 2168 1307 2236 aequali.
1395 2169 1455 2222 In
1478 2168 1612 2220 linea

177 2237 442 2284 collaterali
464 2237 639 2301 aequali
670 2242 893 2302 personae
934 2238 1108 2287 eodem
1152 2238 1306 2303 gradu
1351 2255 1379 2287 a
1407 2254 1463 2287 se
1485 2237 1610 2286 invi-

174 2320 280 2352 cem
307 2303 488 2352 distant
513 2321 611 2369 quo
635 2321 663 2353 a
685 2305 851 2370 stipite
877 2307 1137 2363 communi,
1165 2323 1209 2353 v.
1233 2323 1280 2368 g.
1306 2306 1405 2354 duo
1427 2306 1612 2354 fratres

173 2387 269 2419 uno
293 2371 446 2435 gradu
474 2382 662 2421 tantum
689 2390 718 2422 a
748 2390 801 2422 se
827 2374 1024 2430 distant,
1047 2374 1160 2437 quia
1185 2375 1328 2421 ambo
1355 2373 1607 2435 aequaliter

172 2451 220 2486 et
259 2456 357 2486 uno
392 2441 546 2502 gradu
586 2450 774 2490 tantum
813 2441 993 2489 distant
1036 2458 1066 2489 a
1113 2441 1359 2489 communi
1420 2441 1605 2505 stipite,

171 2507 358 2553 scilicet
395 2523 426 2554 a
465 2512 606 2570 patre
656 2509 705 2555 in
758 2526 856 2572 quo
911 2514 1296 2571 conjunguntur.
1393 2508 1603 2572 Propter

173 2573 393 2620 eamdem
432 2574 667 2624 rationem
703 2576 802 2624 duo
840 2576 1118 2625 consobrini
1154 2576 1353 2639 cognati
1400 2586 1514 2625 sunt
1549 2576 1601 2624 in

172 2640 390 2688 secundo
418 2641 605 2703 gradu.¹

199 2737 201 2740 -
239 2711 286 2755 3.
323 2706 509 2773 Regala
552 2726 649 2772 pro
682 2710 808 2760 linea
843 2710 1103 2760 collaterali
1136 2710 1376 2776 inaequali.
1469 2711 1601 2760 Con-

170 2773 421 2838 sanguinei
458 2776 507 2822 in
544 2776 635 2825 hac
675 2778 806 2826 linea
847 2779 1022 2826 eodem
1061 2778 1218 2842 gradu
1257 2795 1285 2826 a
1309 2795 1363 2828 se
1389 2777 1600 2827 invicem

166 2842 345 2889 distant
365 2858 460 2903 quo
479 2843 667 2892 illorum
685 2846 918 2894 remotior
935 2846 1082 2893 distat
1101 2862 1131 2893 a
1146 2846 1390 2895 communi
1408 2844 1593 2907 stipite4

155 2914 302 2971 Juxta
344 2909 470 2958 hanc
504 2912 723 2975 regulam
761 2914 931 2964 Juris:
957 2915 1139 2978 gradus
1187 2916 1408 2962 remotior
1449 2913 1516 2958 ad
1547 2929 1598 2961 se

197 2996 202 3001 ·
1209 2979 1593 3044 propinquiorem
