1846 3250
653 168 750 217 DE
788 154 1082 217 ORDINE,
1478 166 1574 239 ¹7³?

153 308 258 356 haec
278 304 528 356 tradiderit
555 305 605 353 S.
632 303 841 360 Doctor‚
882 303 979 352 imo
1005 301 1298 351 contrarium
1324 298 1485 348 multis
1509 298 1560 347 in

149 376 270 426 locis
296 375 478 430 asserit,
504 388 562 421 ac
598 372 866 436 perspicuis
888 372 1047 419 verbis
1073 372 1219 419 docet
1256 371 1305 418 id
1342 368 1473 432 quod
1506 368 1558 416 in

151 443 374 508 praesenti
416 440 745 490 controversia
783 439 1080 503 praecipuum
1107 450 1197 496 est,
1237 449 1289 487 et
1313 438 1443 485 unde
1469 452 1573 484 ςτε->

148 524 251 560 tera
276 511 538 576 profluunt,
574 510 750 573 nempe
775 507 1128 572 Episcoporum
1163 523 1310 570 supra
1336 505 1558 570 Praesby-

147 591 277 629 teros
300 577 710 643 praeeminentiam
734 576 896 624 divino
910 581 1022 638 jure
1042 574 1251 624 fundari.

215 647 342 696 Nam
373 650 450 694 10‘
494 647 542 695 S.
564 646 911 709 Hieronymus,
948 660 1058 692 cum
1097 643 1146 690 in
1183 642 1304 691 Iocis
1351 640 1558 704 objectis

149 714 248 764 ait:
310 715 447 774 Quid
467 714 601 778 facit
642 713 926 777 Episcopus,
980 719 1168 776 excepta
1223 711 1554 766 Dalmaticae,

148 784 279 847 quod
312 799 408 831 non
439 784 604 847 faciat
639 781 926 844 Praesbyter,
961 780 1134 846 procul
1175 778 1322 832 dubio
1356 778 1575 841 respicit·

146 852 209 899 ad
224 856 307 913 jus
329 851 560 899 divinum.
601 849 652 899 Si
676 849 802 898 enirn
825 857 1116 914 -praesentem
1145 846 1395 895 Ecclesiae¹
1414 862 1556 893 usum

146 929 432 983 spectasset,
469 929 606 967 certe
650 918 803 966 multa
839 916 933 965 alia
973 926 1109 965 erant
1146 914 1402 979 Episcopis
1442 929 1557 977 pro-

143 988 264 1050 pria,
303 997 356 1035 ut
379 986 637 1051 Virginum
674 996 724 1034 et
750 985 1083 1033 Ecclesiarum-
1108 983 1428 1040 consecratio,
1466 986 1579 1029 &c.·

146 1055 282 1118 Ergo
311 1059 458 1117 juxta
497 1055 546 1103 S.
571 1053 943 1117 Hieronymum,
980 1053 1094 1101 solis
1130 1051 1386 1117 Episcopis
1427 1049 1554 1098 ordi·

143 1122 290 1171 nandi
314 1126 529 1187 potestas
542 1127 653 1185 jure
677 1121 839 1169 divino
863 1121 1116 1184 competit.
1370 1136 1376 1144 ·

214 1193 295 1238 20·
322 1191 512 1240 Asserit
553 1189 885 1254 Hieronymus
924 1190 1196 1254 Episcopos
1236 1187 1284 1236 in
1328 1185 1560 1235 Ecclesia-

145 1258 196 1306 id
221 1275 326 1307 esse
352 1259 482 1324 quod
508 1260 710 1323 Moyses
738 1259 787 1305 in
824 1259 976 1307 veteri
1013 1259 1168 1322 Lege,
1206 1267 1255 1306 et
1281 1257 1556 1320 Praesbyte-

144 1334 222 1375 ros
248 1326 297 1374 id
324 1327 454 1391 quod
477 1327 787 1391 septuaginta
809 1326 896 1373 viri
921 1322 950 1374 a
975 1326 1153 1391 Moyse
1195 1324 1391 1373 delecti.
1461 1325 1557 1371 At-

146 1395 227 1459 qui
255 1396 455 1458 Moyses
491 1395 753 1458 in‘Populi
794 1394 1048 1443 Israelitici
1090 1393 1565 1457 regimine„septua-v

144 1463 281 1526 ginta
315 1463 425 1511 viris
464 1479 493 1511 a
529 1479 580 1514 se
621 1463 827 1511 delectis
867 1462 1000 1510 haud
1046 1463 1192 1511 dubie
1231 1467 1343 1524 Jure
1390 1459 1554 1507 divino

141 1531 361 1596 superior
384 1531 492 1579 fuit.
563 1531 716 1594 Ergo,
751 1534 840 1578 ὅτε.
985 1538 1009 1547 ““

213 1603 293 1647 30·
321 1599 399 1647 Ex
425 1598 553 1647 eod.x
571 1599 878 1662 Hieronymo
903 1596 1051 1646 citata
1067 1597 1222 1660 Epist.
1240 1597 1300 1645 ad
1329 1596 1556 1657 Evange-

142 1664 260 1723 lum,
297 1666 382 1717 lzoc
404 1667 495 1715 sibi
516 1665 751 1730 Episcopi
773 1664 1069 1731 Praesbyteri
1089 1675 1133 1713 et
1162 1666 1452 1713 Diaconivi1
1487 1664 1569 1709 'li-b

141 1744 255 1783 eant
276 1738 328 1782 in
346 1735 576 1791 Ecclesia,
601 1736 731 1798 quod
745 1733 917 1782 Aaron
931 1734 1092 1796 etfilz'i
1112 1735 1228 1798 ejus,
1251 1743 1393 1798 atque
1410 1733 1555 1783 Levi-

142 1812 204 1851 toe
229 1804 439 1867 fuerunt
460 1804 512 1850 in
563 1802 772 1866 Templo.
843 1802 994 1865 Atqui
1036 1803 1140 1850 sine
1187 1803 1335 1849 dubio
1388 1806 1556 1854 Aaron

142 1871 250 1918 filiis
286 1871 383 1920 suis
418 1888 504 1919 seu
550 1870 898 1920 Sacerdotibus
937 1870 1192 1933 dignitate,
1226 1880 1470 1934 potestate
1495 1887 1564 1919 acv

135 1939 473 2000 jurisdictione
514 1939 734 2003 superior
777 1938 886 1995 fuit,
924 1938 1336 2001 quemadmodum
1386 1939 1560 1987 Sacer-

144 2007 284 2054 dotes
319 2007 517 2055 Levitis.
587 2007 738 2070 Ergo,
777 2010 866 2053 διο.
937 2006 1099 2068 Hujus
1139 2006 1371 2070 postremi
1410 2023 1557 2071 argu-

143 2074 295 2122 menti
330 2075 477 2121 robur
517 2073 666 2122 sensit
705 2073 1006 2127 Blondellus,
1043 2073 1125 2137 qui
1149 2089 1198 2139 p.
1222 2077 1270 2122 8.
1294 2074 1556 2139 pollicetur

141 2157 194 2188 se
252 2140 381 2190 illam
420 2141 816 2207 Hieronymianae
874 2142 1114 2206 Epistolae*
1162 2153 1350 2207 partem
1403 2143 1557 2193 eluci·

144 2209 384 2268 daturum,
421 2209 713 2274 interimque
748 2226 886 2258 suum
912 2226 1032 2274 opus
1068 2209 1221 2259 tribus
1256 2210 1554 2261 sectionibus

143 2277 362 2336 absolvit,
399 2274 661 2343 desperans
698 2277 805 2327 fore
842 2288 897 2326 ut
937 2277 1117 2326 nodum
1155 2279 1419 2329 dissolvere
1444 2297 1556 2346 pos-

140 2357 230 2394 set.
640 2356 658 2377 ·'
974 2388 982 2395 ,
1220 2356 1226 2369 ”·

182 2416 285 2461 40·
322 2413 539 2462 Tandem
579 2414 993 2480 Praesbyteroitum
1022 2415 1100 2463 *in
1146 2416 1386 2472 Ecclesiae
1427 2417 1562 2481 regii--

143 2480 273 2529 mine
309 2488 524 2545 potestas
549 2482 695 2531 adimi
735 2493 945 2546 poterat,
982 2498 1042 2531 ac
1079 2484 1324 2534 de‘facto·
1348 2485 1405 2533 iis
1444 2497 1561 2550 post

145 2549 330 2612 aliquot
386 2565 552 2608 annos,
602 2550 826 2599 nimirum
874 2567 903 2599 a
936 2550 1197 2601 schismate
1233 2553 1554 2614 corinthiano,

136 2621 284 2678 juxta
330 2617 699 2683 Hieronymum,
744 2620 907 2668 ablata
940 2628 1031 2678 est,
1081 2637 1180 2669 non
1213 2632 1374 2670 autem
1402 2617 1562 2688 'Epis-

147 2684 317 2748 copis:
364 2687 498 2749 atqui
521 2696 681 2736 tamen
700 2687 737 2735 si
765 2687 1184 2752 Praesb—yterorum
1210 2701 1261 2739 et
1285 2689 1557 2757 Episcopo·
1616 2717 1621 2721 *

147 2757 252 2799 rum
291 2750 338 2799 in
364 2752 587 2803 Ecclesia
608 2756 824 2820 regenda
857 2765 1073 2821 potestas
1108 2769 1235 2811 esset
1259 2775 1455 2824 prorsus
1478 2775 1559 2808 ea-

148 2819 259 2868 dem
287 2819 431 2869 etiam
456 2822 613 2884 quoad
645 2825 977 2883 substantiam,
1014 2827 1052 2874 si
1079 2831 1208 2875 esset
1228 2821 1385 2892 ‘aeque
1420 2829 1563 2876 inde-

148 2887 383 2952 pendens,
420 2905 560 2954 aeque
581 2890 926 2949 irrevocabilis,
963 2909 1108 2959 aeque
1121 2899 1236 2957 ”jure
1263 2895 1424 2944 divino
1447 2896 1561 2943 fun-

149 2955 278 3012 data,
313 2965 410 3004 non'
436 2955 588 3023 magis
621 2959 858 3023 potuisset
883 2961 1202 3030 Praesbyteris
1240 2980 1384 3030 quam
1421 2964 1564 3029 Epis-

153 3024 280 3087 copis
304 3023 505 3073 auferri..
568 3025 719 3091 Ergo,
754 3031 843 3076 ὅτε.

825 3097 875 3149 Q.
896 3099 925 3144 3
1438 3098 1564 3149 Insa.
