1846 3250
557 149 652 196 DE
692 148 1188 198 MATRIMONIO.
1501 149 1612 202 263.

179 300 240 330 un
265 284 473 347 mariage
501 282 734 331 contracte
772 290 904 331 entre
937 283 1157 345 majeurs,
1193 299 1302 332 avec
1347 288 1493 331 tontes
1534 280 1599 329 les

175 356 333 398 autres
344 349 635 413 firmalites.

246 417 323 463 Ex
361 416 433 463 his
470 415 766 464 concludere
803 425 877 463 est
930 415 1287 465 matrimonium
1338 414 1602 465 clandesti-

175 498 288 529 num
314 482 516 546 praecise
542 500 604 531 ex
638 483 839 532 defectu
885 484 1286 547 promulgationis
1327 484 1598 531 bannorum

174 565 271 596 non
293 566 399 599 esse
423 549 706 599 invalidumx
781 551 831 599 si
859 551 1020 599 Curiae
1049 568 1290 615 supremae
1314 550 1369 599 iis
1394 567 1453 599 ac
1477 566 1599 614 prae-

170 617 336 664 sertim
363 619 626 666 minoribus
651 618 733 682 qui
778 618 883 666 sine
921 619 1188 666 bannorum
1226 619 1597 667 denuntiatione

172 685 532 734 matrimonium
575 697 937 743 contraxerant,
975 685 1092 733 alias
1139 685 1333 747 nuptias
1366 685 1600 750 permise-

173 751 284 809 rint,
321 752 371 799 id
396 753 580 801 factum
607 764 680 802 est
723 770 787 801 ex
830 754 1031 802 defectu
1072 753 1343 817 praesentiae
1387 752 1598 802 Pax-ochi

169 829 254 866 aut
293 821 503 878 testium,
542 834 627 869 aut
661 821 765 869 aliis
801 822 863 869 de
899 821 1074 879 causis,
1110 836 1208 868 non
1242 836 1360 869 vero
1394 821 1597 885 praecise

170 885 372 950 propter
396 888 663 936 bannorum
690 888 1016 937 omissionem.

247 955 442 1012 Quoeres
480 959 545 1003 2⁰·
581 973 642 1005 an
680 957 790 1004 Lex
826 957 908 1003 illa
943 956 1129 1034 obliget
1163 955 1251 1003 sub
1294 954 1429 1019 gravi
1478 971 1595 1019 pec-

169 1021 328 1067 cato?

237 1087 618 1154 Rqffirmative.
662 1093 722 1139 10.
762 1089 891 1146 Quia
930 1100 1230 1154 praeceptum
1269 1089 1399 1138 istud
1443 1100 1516 1138 est
1542 1089 1593 1136 in

169 1156 370 1203 materia
394 1158 544 1220 gravi,
584 1168 633 1206 et
658 1158 824 1206 datum
851 1169 925 1207 est
966 1168 1018 1206 ut
1044 1172 1331 1206 occurratur
1363 1158 1597 1206 abusibus

169 1222 332 1286 magni
357 1224 605 1273 momenti.
675 1228 741 1272 2⁰·
781 1226 909 1281 Quia
945 1242 1119 1289 graves
1160 1241 1331 1289 poenas
1355 1225 1403 1271 in
1441 1224 1598 1272 delin-

168 1299 374 1351 quentes
400 1291 620 1340 decernit
645 1302 852 1356 utraque
875 1303 1109 1357 potestas,
1135 1293 1403 1356 praesertim
1424 1293 1594 1346 civilis.
1603 1318 1605 1320 ·

169 1356 304 1404 Hinc
331 1358 598 1407 Parochus.
634 1360 897 1424 nequidem
940 1370 1148 1424 urgente
1188 1361 1445 1411 Adventus
1471 1369 1596 1407 tem-

166 1439 302 1486 pore,
341 1436 391 1473 et
415 1425 696 1498 impossibili
722 1428 782 1475 ad
811 1427 1112 1505 Episcopum
1137 1443 1355 1483 recursu,
1406 1426 1597 1490 privata.

163 1491 456 1540 auctoritate
481 1496 643 1570 potest
668 1495 812 1542 banni
837 1496 980 1542 unius
1005 1494 1424 1542 denuntiationem
1451 1493 1593 1541 ornit-

167 1569 304 1614 tere3
341 1561 457 1608 alias
492 1564 540 1607 in
586 1562 745 1609 Curiis
804 1560 1150 1610 ecclesiasticis
1208 1576 1267 1608 ac
1328 1559 1594 1623 praesertim

164 1624 387 1675 civilibus
444 1644 614 1676 severe
684 1629 1001 1691 plecteretur.
1092 1627 1221 1676 Vide
1292 1627 1594 1676 Collatorem

165 1692 317 1742 Paris.
342 1704 457 1742 tom.
488 1699 528 1742 1.
553 1702 598 1766 p.
629 1699 739 1745 185.
1503 1726 1506 1728 ·

236 1759 447 1817 Quoeres
486 1765 549 1810 3⁰·
585 1779 647 1811 an
705 1778 876 1812 omnes
925 1764 1199 1811 bannorum
1256 1762 1397 1827 Lege
1456 1773 1593 1813 tene-

161 1829 351 1876 antur?

231 1895 297 1942 R.
334 1897 488 1944 teneri
526 1913 709 1955 omnes,
746 1913 1072 1963 cujuscumque
1124 1904 1293 1951 ειαίιιε,
1353 1895 1596 1961 qualitatis

164 1968 209 2007 et
243 1963 522 2013 condztionis
581 1965 799 2022 existant,
858 1964 1014 2027 inquit
1072 1964 1303 2011 Edictum
1342 1965 1602 2013 Blesense:

164 2027 491 2092 Excipiuntur
516 2040 679 2079 tamen
703 2033 917 2095 supremi
960 2031 1227 2096 Principes,
1264 2030 1377 2093 quia
1418 2047 1591 2080 eorum

162 2111 317 2158 genus
343 2099 563 2146 omnibus
587 2108 754 2147 notum
781 2109 873 2147 est.

234 2164 425 2220 Quoeres
448 2169 517 2212 4⁰·
553 2166 725 2227 quibus
767 2167 829 2215 de
869 2165 1027 2215 causis
1067 2165 1290 2215 instituta
1317 2166 1379 2214 sit
1404 2166 1590 2216 banno-

158 2245 263 2278 rum
292 2232 608 2295 proclamatio
632 2234 657 2279 Ρ

227 2299 290 2346 R.
332 2303 390 2346 1⁰·
426 2310 480 2348 ut
507 2311 900 2364 praecaverentur
929 2300 1235 2349 matrimonia
1260 2301 1583 2350 clandestina.

161 2366 225 2412 20·
264 2367 334 2415 Ut
358 2367 708 2431 detegerentur
740 2368 1049 2422 matrimonii,
1086 2368 1124 2416 si
1161 2386 1270 2432 quae
1295 2369 1406 2426 sint,
1432 2369 1587 2445 impe·

161 2431 391 2481 dixnenta.
461 2438 524 2481 3⁰·
562 2435 640 2483 Ne
675 2434 982 2493 filiifamilias,
1034 2435 1321 2484 inconsultis
1372 2437 1586 2498 parenti-

159 2500 266 2556 bus,
327 2501 680 2550 matrimonium
741 2503 1047 2550 contrahant.
1142 2502 1208 2550 4⁰·
1267 2503 1335 2551 Ut
1373 2502 1449 2564 qui
1478 2508 1593 2565 jam,

159 2565 240 2612 uni
266 2566 600 2630 desponsatus,
637 2570 778 2618 aliam
805 2570 988 2618 ducere
1013 2570 1343 2633 prohibeatur.
1414 2575 1481 2617 5⁰·
1510 2570 1597 2623 Uti

159 2633 426 2683 creditores
450 2635 787 2714 hypothecarii
812 2637 894 2700 qui
936 2637 990 2683 in
1026 2638 1269 2685 nonnullis
1312 2637 1581 2686 Provinciis

157 2715 186 2747 e
206 2704 325 2775 :iure
348 2716 436 2749 suo
460 2718 547 2765 per
572 2705 928 2752 matrimonium
955 2704 1193 2757 excidunt
1246 2705 1431 2769 possint
1478 2720 1597 2752 mam

157 2766 384 2815 trimonio
417 2769 649 2818 debitoris
706 2788 971 2848 opponere
1116 2773 1236 2821 ·Ut
1285 2772 1477 2820 Fideles
1513 2771 1577 2819 de

154 2833 321 2881 futuro
345 2837 572 2900 conjugio
595 2839 865 2902 praemoniti
903 2776 1296 2888 benedictionem
1322 2839 1597 2888 coelestem

150 2901 198 2947 in
223 2916 426 2964 sponsos
450 2905 547 2951 suis
570 2906 796 2967 precibus
819 2905 1084 2955 adducant.

220 2968 344 3018 lnde
373 2971 576 3036 colliges
600 2971 697 3021 alta
722 2984 770 3022 et
795 2973 1087 3038 intelligibili
1112 2988 1234 3021 voce
1258 2971 1362 3021 fieri
1389 2963 1572 3021 debere

1299 3041 1567 3089 bannorum
