1846 3250
267 158 367 211 276
775 151 1205 208 TRACTATUS

266 290 683 347 denuntiationem,
713 291 897 340 etiamsi
928 294 983 342 id
1001 293 1314 358 impedimen&
1338 293 1463 357 quod
1488 295 1685 359 affertur

267 359 339 407 'cel
353 358 542 422 falsum
581 358 653 407 vel
697 358 976 417 vialitiosum
1001 361 1091 413 sibi
1127 361 1360 425 videatur,⁴
1397 359 1469 408 vel
1513 361 1683 410 nullius

269 426 499 481 momenti,
536 426 619 473 sed
656 442 753 474 rem
796 428 864 474 ad
897 428 1205 493 Episcopum
1219 419 1415 492 deferat,
1451 436 1496 477 et
1530 428 1591 476 ab
1621 446 1682 477 eo

268 493 662 556 quidficz‘endum
686 493 747 540 sit
769 495 979 560 accipwt

224 555 232 560 ”
335 559 618 606 Notandum
643 570 718 607 est
749 564 808 605 10·
844 577 1084 608 rumorem
1096 551 1384 624 publicum
1408 560 1550 613 etiam
1576 560 1679 609 sine

263 627 362 674 ulla
378 627 681 685 revelatione
718 627 779 674 ad
814 629 1203 691 suspendendam
1235 629 1525 689 matrimonii
1551 629 1680 676 cele-

263 693 533 743 brationem
594 694 847 742 sufficere·
862 699 1068 759 sama
1092 692 1280 759 impedzt
1337 691 1676 744 matrimonium

261 762 638 819 contrahendum,
676 762 833 823 inquit
859 750 1076 810 Glossa
1065 779 1114 808 m
1155 778 1262 825 cap.
1336 765 1483 825 Super
1508 780 1575 819 eo,
1614 762 1676 810 de

262 829 595 892 Consanguin.
625 839 674 877 et
692 829 839 877 Affin.
901 830 1003 877 Sed
1017 846 1132 878 cum
1152 829 1296 887 fama,
1322 828 1477 890 inquit
1502 829 1674 877 eadem

264 896 475 944 Glossa
464 912 513 942 ιιι
551 912 657 943 can.
733 897 785 944 Si
823 905 974 955 testes,
1013 913 1119 960 cap.
1144 900 1190 943 4.
1216 912 1262 959 q.
1289 899 1335 944 2
1371 911 1459 958 per
1484 912 1534 943 se
1560 896 1678 942 nihil

260 965 451 1027 probet,
489 963 617 1016 sire,
654 974 840 1012 mature
860 982 947 1027 per
985 980 1169 1027 pensa,
1181 980 1288 1011 eam
1323 963 1573 1012 Parochus
1596 963 1680 1010 fri-

259 1031 418 1080 volam
436 1047 494 1078 ac
520 1031 643 1078 male
664 1031 914 1079 fundatam
941 1032 1194 1087 invenerit,
1231 1043 1361 1078 stare
1381 1030 1529 1078 debet
1562 1046 1679 1078 con-

258 1098 555 1154 trabentium
581 1098 911 1156 declarationi,
950 1099 1133 1163 eisque,
1157 1099 1207 1146 si
1221 1098 1491 1161 pertierint‚
1530 1098 1677 1145 bene·

258 1165 524 1214 dictionem
550 1166 816 1229 nuptialem
840 1167 1171 1231 impendere.
1212 1165 1261 1212 Si
1281 1181 1396 1213 vero
1416 1181 1522 1230 eam
1548 1166 1681 1213 bene

257 1229 512 1280 fundatam
560 1232 815 1289 invenerit,
869 1250 970 1281 rem
1020 1234 1082 1281 ad
1127 1220 1442 1296 Episcopum
1474 1226 1677 1281 deferat.

259 1304 327 1347 20·
364 1299 615 1348 Parochus
657 1300 804 1350 etiam
852 1303 945 1348 ob
965 1301 1105 1349 unius
1152 1300 1290 1347 testis
1327 1292 1675 1348 revelationem

258 1366 615 1416 matrimonium
658 1383 716 1415 ac
750 1368 972 1431 ipsorum
1010 1358 1278 1431 bannorum
1327 1367 1674 1443 promulgatio-

256 1451 368 1483 nem
396 1435 596 1482 differre
613 1435 783 1494 debet,
818 1436 855 1494 si
881 1435 1026 1483 modo
1051 1435 1187 1497 testis
1205 1450 1312 1482 non
1337 1433 1467 1481 omni
1491 1434 1587 1482 fide
1613 1432 1675 1487 sit

257 1496 502 1565 indignus,
522 1518 585 1551 ex
608 1520 718 1566 cap.
786 1490 1031 1568 Frjcetereq
1052 1495 1099 1564 2.
1112 1489 1177 1551 de
1196 1487 1389 1566 spunsal
1417 1494 1499 1549 Re
1508 1511 1674 1552 autem

259 1586 348 1633 per
374 1580 563 1632 tempus
590 1570 832 1618 dilationis
865 1581 1053 1618 attente
1089 1587 1343 1634 perpensa,
1373 1569 1412 1618 si
1442 1561 1677 1617 revelati-

262 1635 366 1684 onis
408 1636 591 1684 falsitas
631 1648 882 1700 comperta
919 1638 1173 1693 habeatur,
1211 1636 1560 1685 celebrandum
1598 1645 1673 1684 est

257 1702 633 1764 matrimonium3
671 1705 817 1753 modo
855 1705 948 1753 alia
971 1721 1067 1752 non
1092 1705 1155 1752 sit
1174 1704 1454 1770 oppositi03
1472 1703 1529 1752 si
1559 1718 1675 1752 vera

257 1788 317 1827 ac
344 1772 468 1823 bene
492 1773 696 1823 fundata
731 1774 980 1830 revelatio,
1018 1772 1247 1836 monendi
1285 1780 1408 1820 sunt
1421 1766 1584 1833 sponsi
1608 1785 1670 1817 ne

256 1845 383 1892 ultra
408 1843 795 1907 progrediantur.
869 1841 918 1890 Si
954 1857 1070 1889 vero
1111 1833 1273 1903 aliqua
1318 1838 1380 1886 sit
1419 1837 1672 1885 dubitandi

255 1912 395 1970 ratio,
433 1928 526 1959 nec
567 1910 973 1975 impedimentum
1017 1908 1341 1956 confiteantur
1383 1905 1550 1973 sponsi
1591 1920 1674 1953 eo·

255 1996 425 2028 rumve
450 1987 710 2042 parenteS,
731 1976 1066 2037 consulendus
1098 1984 1170 2038 est
1198 1970 1512 2042 Episcopus,
1510 1988 1539 2021 a
1573 1988 1670 2036 quo

255 2046 508 2096 Parochus
533 2046 647 2108 quid
669 2045 996 2109 plaestandum
1022 2044 1084 2104 sit
1090 2042 1313 2107 accipat.
1524 2066 1527 2068 ·

332 2116 519 2169 Qumes
568 2116 650 2160 20·
699 2113 813 2175 quid
837 2123 1080 2176 praestare
1113 2112 1312 2158 debeat
1330 2108 1596 2164 Parochus,
1633 2106 1674 2154 si

253 2181 383 2229 solus
421 2181 516 2230 alia
550 2196 696 2243 quam
740 2179 1072 2269 Confessionis
1113 2178 1191 2225 via
1243 2176 1433 2225 noverit
1473 2173 1678 2239 impedi·

254 2248 514 2297 mentum?

314 2316 390 2363 R.
418 2332 530 2363 ειιιιι
571 2299 743 2369 teneri,
784 2299 826 2360 si
844 2298 1269 2375 impedimentum
1311 2308 1451 2356 illud·
1460 2284 1672 2384 probari

258 2400 356 2431 non
383 2374 532 2447 possit
559 2392 609 2429 et
633 2398 661 2430 a
685 2398 770 2446 pai
775 2380 911 2428 tibus
929 2378 1328 2427 contrahentibus
1349 2370 1496 2425 fuerit
1522 2390 1669 2441 nega

255 2463 377 2506 tum,
424 2449 828 2501 benedictionem
889 2447 1183 2521 nuptialem
1215 2437 1307 2491 illis
1367 2443 1668 2507 impendere
1685 2450 1689 2453 ‘

257 2518 553 2566 Prudentius
601 2527 764 2565 tamen
803 2531 855 2563 se
898 2525 1038 2577 geret
1076 2513 1155 2577 qui
1198 2512 1330 2576 prius
1367 2510 1669 2574 Episcopum

256 2585 570 2633 consuluerit.

332 2653 526 2706 Quaeres
559 2650 637 2699 3⁰·
676 2649 792 2714 quid
840 2636 1069 2714 praestare
1108 2646 1287 2710 debeat
1324 2644 1592 2700 Parochus,
1627 2631 1667 2690 si

255 2734 344 2783 per
386 2719 784 2765 sacramentalem
828 2715 1194 2771 Confessionem
1235 2706 1424 2764 noverit
1468 2709 1672 2777 impedis

257 2786 564 2845 mentum?

326 2840 389 2903 R
426 2852 645 2901 Tenetur
691 2839 875 2927 partem
914 2821 999 2908 vel
1044 2852 1243 2914 paites
1259 2862 1317 2895 a
1333 2842 1506 2922 quibus
1550 2838 1670 2912 illud

257 2920 500 2981 didicerit,
535 2934 566 2968 a
590 2918 769 2985 nuptiis
794 2916 944 2971 divini
972 2916 1182 2982 Judicii
1171 2909 1555 2982 comminatione
1584 2910 1667 2978 de-

1475 2972 1667 3033 terrere
