1846 3250
552 150 649 198 DE
686 146 1189 199 MATRIMONIO.
1493 144 1598 202 329.

226 281 524 347 >impotentia
557 285 663 332 'alia
704 288 779 332 est
820 282 1135 340 antecedenS,
1187 292 1296 345 quae
1342 276 1590 327 matrimo-

159 348 290 401 nium
317 350 566 414 praeCedit,
603 352 697 398 alia
720 353 1042 415 subsequens,
1079 365 1188 414 quae
1230 347 1388 397 eidem
1422 361 1594 408 super-

159 414 322 471 ve‘nit5
358 418 455 465 alia·
474 430 730 481 perpetua,
769 434 877 481 quae
904 435 996 466 nec
1024 418 1122 465 ullo
1145 415 1360 462 remedio
1380 411 1588 460 naturali

160 482 442 540 licito..nec
467 495 555 547 per
588 496 846 532 consuetos
891 485 1130 532 Ecclesiae
1171 481 1471 529 exorcismos
1507 489 1593 526 aut

161 565 333 610 preces
358 552 514 598 sanari
541 562 732 614 potest;
767 553 860 599 alia
899 549 1195 614 temporalis,
1234 566 1345 612 quae.
1384 563 1476 610 ope
1514 562 1595 594 rev

159 616 305 664 medii
339 618 458 666 liciti
497 629 582 666 aut
620 619 846 682 precibus
883 618 1136 665 ordinariis
1174 616 1353 679 depelli
1391 624 1593 679 potest3

158 683 252 731 alia
288 698 528 749 perpetua
562 686 700 733 simul
739 699 789 734 et
847 686 1086 742 absoluta,
1147 693 1376 746 respectu
1430 686 1593 743 cujus-

162 767 401 813 cumque:
439 754 531 800 alia
557 754 845 816 respectiva,
868 763 1097 816 respectu
1134 751 1336 811 alicujus
1369 759 1594 802 tantum;

161 818 255 865 alia
280 836 388 882 quae
414 822 565 868 oritur
590 838 653 868 ex
681 821 880 869 defectu
906 831 1117 874 naturae3
1157 817 1251 864 alia
1293 834 1397 879 quae
1440 816 1594 863 oritur

150 901 224 931 -ex
249 888 413 950 aliquo
438 888 693 935 maleficio.
1547 915 1555 923 ·

238 955 431 1011 Quaeres
476 958 551 1000 10·
589 972 698 1018 quae
749 952 1037 1017 impotentia
1072 953 1134 1000 sit
1188 949 1593 1013 impedImentum

159 1019 389 1068 dirimens
417 1021 775 1068 matrimonium
796 1022 818 1067 P

229 1089 291 1134 R.
335 1093 409 1135 10·
444 1088 803 1137 matrimonium
859 1104 954 1134 non
1008 1085 1165 1135 dirimi
1218 1101 1304 1149 per
1352 1082 1594 1148 impoten-

160 1151 273 1200 tiam
301 1155 344 1202 ei
369 1156 793 1218 supervenientem
821 1176 832 1210 ;
870 1172 981 1202 cum
1013 1155 1076 1203 sit
1114 1152 1467 1209 indissolubile,
1506 1167 1595 1199 ex-

155 1232 305 1286 cepto
337 1223 653 1270 professionis
681 1223 919 1286 religiosae
962 1239 1096 1279 casu,
1134 1221 1173 1268 si
1215 1220 1430 1267 nondum
1468 1218 1592 1265 illud

159 1296 548 1336 consummatum
594 1290 759 1347 fuerit,
797 1301 851 1337 ut
892 1295 1067 1353 postea
1102 1289 1338 1337 dicemus.
1434 1287 1594 1335 Caete-

159 1371 265 1402 rum
299 1357 337 1403 si
376 1366 487 1420 post
528 1357 887 1404 matrimonium
914 1358 1074 1405 valide
1117 1364 1425 1404 contractum
1462 1352 1593 1401 acci-

159 1422 288 1470 derit
312 1424 492 1487 aliquid
522 1441 619 1488 quo
642 1425 936 1488 impediatur
973 1422 1263 1472 matrimonii
1305 1437 1438 1478 usus,
1476 1436 1594 1481 con-

150 1494 313 1552 juges,
350 1493 390 1538 si
416 1508 491 1538 res
517 1490 655 1539 certo
681 1492 971 1549 eonstiterit,
1020 1488 1371 1543 continentiam
1397 1503 1591 1536 servare

160 1567 403 1614 tenentur,
430 1574 496 1606 ne
516 1559 724 1607 violetur
753 1558 1044 1606 matrimonii
1069 1557 1318 1606 sanctitas.

228 1625 286 1671 In
323 1626 470 1673 dubio
507 1642 568 1673 an
621 1626 911 1690 impotentia
964 1623 1275 1674 matrimonio
1331 1621 1590 1687 praeiverit,

155 1707 329 1750 necne,
366 1693 673 1757 praesumitur
708 1710 806 1740 non
841 1692 1103 1757 praeivisse,
1124 1692 1163 1740 si
1197 1707 1309 1755 pars
1351 1706 1469 1738 sana
1493 1706 1593 1738 non

157 1759 248 1806 nisi
283 1773 394 1823 post
429 1760 627 1822 longum
665 1762 897 1823 temporis
957 1762 1147 1824 lapsum
1205 1769 1477 1820 conquesta
1511 1758 1590 1814 sit,

156 1827 302 1874 modo
330 1838 492 1875 tamen
517 1827 806 1890 impotentia
838 1828 1120 1875 firmissimis
1163 1824 1458 1888 argumentis
1497 1841 1596 1872 non

156 1897 523 1957 comprobetur.
593 1895 892 1958 Impotentia
924 1905 1088 1942 tamen
1132 1892 1382 1949 naturalis,
1421 1893 1592 1939 etiarn-

151 1961 193 2007 si
218 1977 304 2023 per
328 1963 527 2024 longum
555 1972 746 2026 tempus
785 1979 883 2009 non
926 1962 989 2010 sit
1028 1961 1364 2017 reclamatum,
1402 1958 1452 2005 in
1478 1959 1591 2006 Tri-

156 2027 415 2076 bunalibus
440 2028 584 2077 Facile
613 2030 865 2091 judicatur
891 2030 1207 2085 antecedens,
1246 2037 1294 2075 et
1335 2036 1445 2089 post
1475 2038 1590 2075 octo

158 2094 448 2143 matrimonii
484 2112 635 2145 annos
696 2097 877 2145 utiliter
930 2114 1096 2146 coram
1137 2096 1286 2145 Curia
1328 2094 1589 2143 Parisiensi

155 2162 472 2211 reclamatum
500 2173 590 2211 est.

222 2229 287 2276 R.
324 2232 403 2277 20·
440 2247 536 2277 non
582 2230 738 2278 dirimi
802 2231 1161 2280 matrimonium
1220 2247 1309 2295 per
1348 2229 1591 2293 impoten-

155 2295 268 2349 tiam
300 2298 704 2347 'antecedentem
758 2300 1077 2362 temporalem
1153 2309 1480 2363 praeterquam
1539 2298 1590 2344 in

154 2363 502 2426 impuberibus,
540 2367 602 2414 de
640 2367 813 2431 quibus
850 2378 1022 2430 postea
1063 2366 1303 2416 dicemus.·
1387 2366 1466 2412 Ita
1507 2366 1590 2414 In-

143 2447 264 2488 ,noc.
300 2433 395 2479 III.
433 2449 540 2496 cap.
577 2438 624 2482 6.
649 2434 722 2481 'de
761 2435 984 2497 Frigidis.
1057 2435 1205 2483 Ratio
1248 2450 1277 2481 a
1318 2431 1467 2497 priori
1515 2443 1591 2481 est

151 2498 264 2557 quia
301 2509 353 2546 ut
391 2500 745 2548 matrimonium
783 2501 843 2549 sit
884 2502 1111 2560 validum,
1170 2518 1266 2548 non
1328 2498 1591 2563 requiritur

152 2563 280 2611 illius
317 2582 430 2613 usus
467 2570 688 2622 actualis,
726 2568 814 2616 sed
852 2569 1027 2616 sufficit
1078 2568 1314 2645 potentia,
1332 2567 1394 2615 ad
1431 2584 1589 2615 usum.

156 2631 340 2679 Peccat
400 2644 563 2686 tamen
617 2636 830 2699 graviter
881 2637 959 2699 qui
1021 2654 1131 2685 cum
1189 2652 1248 2684 ea
1300 2635 1588 2698 impotentia

151 2700 410 2772 contrahit,
449 2717 541 2750 nec
579 2714 880 2766 compartem
922 2704 983 2751 de
1021 2721 1080 2754 ea
1122 2713 1408 2768 praemonet,
1470 2703 1586 2766 quia

149 2780 192 2811 ei
231 2782 429 2827 gravem
456 2768 677 2830 injuriam
703 2771 865 2829 infert,
902 2782 952 2819 et
995 2788 1101 2820 eam
1128 2770 1370 2836 peccandi
1396 2770 1591 2833 pericu-

151 2832 198 2877 lo
224 2834 446 2896 exponit.
1430 2888 1434 2892 .

211 2899 279 2950 B.
321 2904 398 2948 30·
466 2901 622 2950 dirimi
682 2904 1040 2954 matrimonium
1102 2921 1188 2970 per
1246 2902 1583 2966 impotentiam

1203 2970 1583 3023 antecedentem
