1846 3250
216 153 310 199 118
719 149 1136 201 TRACTATUS

199 286 343 347 jubet
378 294 429 333 ut
458 283 625 332 Ariani
663 284 725 333 ad
766 286 1038 335 Ecclesiam
1078 288 1364 337 catholicam
1403 295 1619 341 conversi

206 353 519 416 recipiantur,
556 352 643 401 sed
682 364 867 402 tantum
904 365 1014 419 post
1048 357 1435 407 benedictionem
1474 377 1619 423 praes-

204 421 378 485 hyterii
415 420 579 470 denuo
628 416 900 486 acceptam,
954 423 1004 470 id
1026 435 1129 483 est,
1184 435 1292 488 post
1334 428 1617 477 reordinati-

202 505 1621 545 onem..

271 557 337 603 R.
361 557 487 606 hanc
506 557 896 606 benedictionem
916 576 1010 606 non
1028 558 1174 608 fuisse
1200 565 1614 621 sacramentalem,

203 625 290 673 sed
315 635 501 674 tantum
541 626 975 675 reconciliatoriam
1014 644 1071 676 ac
1098 628 1337 677 Ordinum
1373 630 1618 681 antea're-

202 704 455 757 ceptorum
488 695 907 742 confirmatoriam.

272 761 375 824 Oly.
413 765 492 810 8⁰·
552 752 727 810 Petrus
768 763 1032 811 Damianus
1072 762 1120 810 in
1163 764 1352 828 Opusc.
1388 782 1494 831 cap.
1532 770 1613 816 22.

201 831 374 893 probat
417 840 544 878 ratas
586 847 692 879 esse
733 830 1117 879 Simoniacorum
1158 833 1517 894 Ordinationes,
1555 852 1614 884 eo

202 897 333 961 quod
362 895 587 947 Ecclesia
618 910 745 947 ratas
770 898 993 947 habuerit
1019 900 1362 951 Ordinationes
1386 920 1614 967 quorum-

200 965 309 1014 dam
361 967 736 1044 Haereticorum‚
796 983 973 1031 nempe
1034 969 1430 1026 Novatianorum,
1490 988 1614 1034 quos

202 1034 406 1082 Nicaena
434 1034 694 1099 Synodus
683 1052 732 1081 m
756 1036 852 1082 suis
881 1035 1142 1083 Ordinibus
1167 1038 1316 1100 recipi
1333 1038 1491 1099 jussit.
1549 1044 1613 1089 At

197 1102 377 1150 ibidem
417 1102 573 1152 irritas
598 1103 815 1151 declarat
841 1103 1185 1153 Ordinationes
1211 1107 1411 1153 aliorum
1439 1107 1613 1156 Haere-

199 1170 421 1227 ticorum,
460 1171 688 1220 videlicet
732 1171 1024 1219 Arianorum
1066 1172 1145 1238 qui
1190 1173 1319 1221 circa
1356 1174 1612 1237 ipsammet

201 1238 486 1287 Trinitatem
529 1250 837 1296 erraverant;
873 1251 922 1287 et
946 1240 1124 1303 allegat
1167 1242 1505 1289 auctoritatem
1531 1243 1611 1290 In-

197 1306 411 1355 nocentii
431 1307 492 1355 de
513 1307 724 1364 ArianiS‚
751 1322 895 1370 quarn
914 1319 1057 1356 antea
1076 1309 1428 1372 proposuimus.
1467 1311 1613 1360 Unde

201 1374 303 1423 sic:
342 1374 634 1424 Arianorum
661 1375 916 1423 Ordinatio
954 1377 1088 1423 irrita
1111 1378 1438 1426 declaratura
1462 1380 1612 1428 Petro

198 1442 458 1501 Damiano,
495 1453 546 1491 et
584 1444 779 1508 quidem
821 1444 961 1492 aliter
998 1460 1140 1509 quam
1170 1446 1422 1494 Ordinatio
1449 1448 1612 1495 Nova-

199 1511 437 1558 tianorum
475 1529 584 1575 quae
624 1528 653 1559 e
695 1522 867 1560 contra
908 1522 1011 1559 rata
1052 1514 1405 1576 pronuntiatur.
1474 1516 1609 1578 Ergo

199 1578 493 1627 Arianorum
520 1579 775 1627 Ordinatio
811 1595 840 1626 a
865 1580 1105 1628 Damiano
1131 1581 1441 1642 judicabatur
1477 1583 1613 1632 irrita

199 1647 344 1694 etiam
388 1646 547 1710 quoad
589 1646 943 1695 characterem.
1020 1648 1070 1695 Si
1109 1648 1234 1694 enim
1276 1661 1462 1697 tantum
1502 1667 1612 1698 eam-

195 1715 379 1762 irritam
420 1713 739 1776 judicavisset
786 1715 946 1778 quoad
990 1731 1125 1763 usum
1167 1716 1453 1779 legitimum,
1512 1735 1608 1766 non

198 1783 351 1847 magis
376 1799 481 1830 eam
500 1777 681 1831 irritam
700 1783 1058 1847 pronuntiasset
1078 1800 1218 1846 quam
1242 1783 1611 1846 Ordinationem.

199 1851 599 1910 Novati-anorum,
641 1867 747 1915 quae
788 1851 969 1915 pariter
1010 1868 1147 1898 usum
1186 1851 1455 1915 legitimum
1491 1854 1607 1901 dare

199 1935 295 1967 non
320 1930 554 1983 poterat.

267 1987 334 2034 R.
369 1988 572 2035 Petrum
611 1986 922 2045 Damianum,
959 2003 1070 2034 cum
1108 1986 1472 2036 Ordinationem
1501 1989 1612 2036 Ari-

197 2070 396 2102 anorum
422 2055 620 2112 irritam,
662 2054 1042 2103 Novatianorum
1069 2072 1183 2102 vero
1219 2067 1369 2103 ratam
1396 2057 1611 2105 declara·

196 2123 281 2180 vit,
308 2122 402 2170 hoc
429 2139 575 2170 unum
601 2133 710 2185 post
729 2122 1067 2170 Innocentium
1094 2122 1365 2187 significare
1385 2125 1608 2182 voluisse,

197 2189 421 2237 nimirum
464 2190 842 2238 Novatianorum
886 2190 1253 2238 Ordinationem
1294 2192 1609 2240 restitutionis

200 2274 305 2307 esse
330 2273 580 2322 capacem,
605 2258 773 2321 sicque
797 2267 949 2304 ratam
974 2274 1080 2305 esse
1103 2259 1262 2320 aliquo
1285 2275 1427 2306 sensu
1448 2260 1609 2322 quoad

200 2343 337 2375 usum
363 2342 458 2373 non
484 2325 680 2390 quidem
711 2334 825 2373 actu
851 2335 901 2372 et
924 2341 977 2372 re
1002 2320 1301 2388 permissum,
1336 2325 1459 2374 sed
1448 2342 1496 2371 in
1520 2343 1607 2404 spe
1652 2358 1654 2361 -

197 2393 422 2457 proxima
445 2410 503 2442 ac
527 2392 672 2442 facile
703 2393 1063 2469 recipiendum;
1106 2409 1199 2440 nou
1225 2394 1339 2441 item
1367 2379 1612 2442 Ordinati-

199 2479 341 2510 onem
377 2462 687 2518 Arianorum,
741 2462 823 2524 qui
864 2471 1061 2524 propter
1102 2460 1149 2507 in
1195 2460 1284 2509 SS.
1319 2461 1606 2511 'trinitatem

198 2530 522 2592 blasphemias
559 2530 620 2577 ab
659 2528 948 2576 Innocentio
980 2527 1185 2590 judicati
1223 2539 1335 2575 sunt
1367 2529 1605 2577 Ordinum

200 2613 394 2644 suorum
432 2597 669 2645 exercitio
704 2612 763 2644 ac
788 2596 980 2658 juribus
1013 2595 1245 2660 privandi,
1291 2608 1340 2643 et
1378 2596 1438 2643 ad
1478 2614 1610 2645 com-

199 2662 476 2711 munionem
510 2665 684 2712 laicam
719 2663 985 2727 relegandi,
1023 2663 1211 2727 quando
1237 2664 1299 2712 ad
1335 2664 1607 2750 Ecclesiam

196 2731 442 2781 redibant.
702 2752 711 2757 i
1655 2756 1659 2762 ’

271 2798 363 2862 obj
383 2800 464 2846 90·
501 2799 726 2847 Urbanus
751 2799 820 2846 11.
858 2797 1014 2862 Epist.
1043 2800 1121 2849 17
1159 2770 1220 2847 ad
1245 2800 1451 2849 Lucium
1479 2800 1612 2848 Prae-

199 2866 405 2930 positum
446 2867 495 2914 S.
534 2865 769 2921 Juventii,
818 2866 1514 2924 tom-10·Concil;Labbaei,
1551 2883 1602 2930 p.

201 2937 316 2983 440.
359 2935 504 3028 docet
552 2935 622 2982 1⁰·
648 2934 980 3012 Sacramenta
1015 2951 1121 2999 quae
1158 2946 1298 2985 extra
1335 2935 1605 3049 Ecclegiam

1519 3010 1605 3048 unt
