1846 3250
566 177 662 224 DE
697 175 757 224 M
765 147 1194 224 MTRIMONIO
1491 176 1588 226 ρον

114 325 117 335 ’
143 355 145 357 ,
178 313 370 362 nionem
408 311 562 374 rejicit
603 320 656 361 ut
681 310 836 359 minus
868 320 1038 369 tutam,
1077 310 1374 375 Vasquesius
1398 327 1512 360 vero
1539 322 1591 361 ut

182 381 471 429 damnatam.

252 448 444 503 Qamvis
469 457 630 505 autem
657 445 1022 497 Matrimonium
1050 456 1161 495 ante
1203 447 1341 511 Lege
1385 464 1597 510 exange-

183 517 323 564 licam
351 517 544 581 proprie
580 532 637 563 ac
661 531 775 563 vere
804 514 1105 564 Sacramenti
1129 515 1365 563 rationem
1392 533 1487 564 non
1514 519 1594 565 ba-

182 584 356 642 buerit,
396 595 447 633 ut
474 585 617 632 modo
651 583 836 631 dictum
861 592 952 638 est,
988 599 1132 630 sensu
1158 593 1321 632 tamen
1354 585 1511 633 latiori
1537 603 1596 634 ac

182 652 337 700 minus
385 652 579 716 proprio
641 653 1006 700 Sacramentum
1050 667 1079 698 a
1125 651 1288 699 multis
1331 654 1595 717 Theologis

179 717 405 769 vocatum
427 733 501 769 est
523 737 581 769 ac
605 720 763 784 reipsa
781 718 943 767 vocari
968 729 1130 781 potest
1155 729 1395 782 quatenus
1419 736 1596 786 nempe

182 789 274 836 fuit
298 789 505 852 signum,
542 790 658 842 licet
699 804 830 836 mere
856 787 1224 864 speculativum,
1259 786 1437 836 futurae
1459 792 1598 838 unio

182 857 255 904 nis
281 858 457 906 Christi
480 875 588 906 cum
616 855 856 913 Ecclesia,
890 856 991 903 sive
1017 856 1230 920 physicae
1253 872 1341 919 per
1369 858 1598 907 Incarna-

185 926 384 984 tionem,
421 928 521 976 sive
568 925 760 974 moralis
807 941 894 988 per
943 924 1194 977 Gratiam:
1234 927 1403 982 Adam,
1442 927 1598 990 inquit

189 994 392 1042 Tertull.
438 995 521 1042 lib.
570 994 630 1041 de
679 994 857 1041 Anima
906 1008 948 1039 e.
994 997 1068 1040 11.
1101 993 1256 1041 statim
1295 993 1599 1059 prophetavit

188 1079 401 1128 magnum
426 1061 545 1111 illud
569 1064 912 1110 Sacramentum
938 1061 985 1108 in
1007 1061 1248 1110 Christum*
1265 1071 1308 1112 et
1326 1063 1598 1120 Ecclesiam,

186 1130 376 1178 dicens:
413 1130 496 1179 hoc
530 1147 650 1178 nunc
692 1146 740 1177 os
779 1146 838 1176 ex
878 1128 1048 1188 ossibus
1076 1130 1185 1178 meis
1190 1165 1288 1179 ......
1292 1139 1484 1197 propter
1517 1131 1601 1180 hoc

184 1197 409 1263 relinquet
427 1206 610 1264 patrem
644 1206 685 1245 et
711 1206 917 1254 matrem,
954 1205 998 1246 et
1033 1198 1293 1247 adhoerebet
1316 1201 1451 1248 uxori
1490 1216 1598 1248 suoe.

188 1266 369 1313 Similia
393 1266 574 1314 habent
611 1265 815 1313 Hieron.
854 1265 1175 1329 Augustinus,
1214 1278 1262 1314 et
1287 1268 1367 1314 alii
1394 1284 1602 1332 quorum

186 1333 459 1382 testimonia
483 1334 532 1379 in
560 1334 972 1381 confirmationem
999 1350 1098 1381 suae
1144 1335 1380 1398 opinionis
1422 1335 1604 1384 frustra

187 1402 432 1465 congessit
473 1401 734 1458 Launoius,
774 1418 882 1449 curn
926 1401 1043 1448 nihil
1080 1401 1212 1449 aliud
1236 1402 1476 1453 voluerint
1512 1405 1604 1452 nisi

189 1469 551 1518 Matrimonium
584 1470 759 1518 Adami
786 1469 938 1517 fuisse
981 1486 1010 1517 a
1043 1469 1156 1517 Deo
1191 1470 1481 1530 institutum,
1517 1485 1603 1522 aut

187 1538 335 1586 fuisse
360 1538 549 1601 signum
577 1538 764 1585 unionis
792 1536 970 1586 Christi
995 1554 1106 1585 cum
1134 1539 1359 1593 Ecclesia
1382 1542 1605 1604 specula·

185 1605 351 1662 tivum,
388 1607 669 1669 neutiquam
696 1621 810 1653 vero
836 1606 1025 1669 signum
1052 1606 1236 1654 Gratiae
1260 1607 1450 1665 efficax,
1475 1626 1604 1658 eam-

191 1690 285 1737 que
312 1691 374 1722 ex
400 1690 547 1739 opere
573 1683 774 1738 operato
797 1672 1090 1737 producens.

207 1747 209 1749 ’
255 1743 413 1791 Dices.
483 1742 620 1789 Deus
659 1758 745 1805 per
785 1741 891 1789 haec
921 1743 1069 1789 verba
1095 1741 1276 1792 Genes.
1345 1746 1534 1794 crescite
1557 1756 1603 1795 et

190 1809 577 1876 niultiplicamz'ni,
609 1819 1023 1874 ,protoparentum
1085 1808 1400 1861 Matrimonio
1454 1816 1605 1863 bene-

188 1880 327 1936 dixit,
365 1895 423 1926 ac
471 1889 825 1941 consequenter
873 1877 1093 1925 Gratiam
1136 1878 1452 1930 Matrimonio
1500 1884 1603 1931 alli·

188 1947 335 2010 gavit.

257 2015 319 2061 R.
358 2031 460 2079 neg.
501 2011 725 2077 sequelam
764 2014 1090 2062 antecedentis.
1162 2014 1286 2063 Nam
1323 2017 1603 2069 benedictio

190 2080 287 2130 Dei
313 2081 457 2128 unice
498 2081 599 2127 ad
585 2081 776 2143 generis
817 2081 1010 2128 humani
1051 2083 1447 2146 propagationem
1474 2089 1603 2135 ordi-

190 2162 304 2196 nata
351 2159 439 2205 est,
477 2148 649 2211 replete
685 2158 873 2205 terram,
910 2149 1067 2213 inquit
1115 2152 1269 2200 DeuS.
1307 2161 1352 2202 et
1390 2155 1603 2217 subyzcite

192 2235 306 2265 eam.
378 2216 436 2263 Id
476 2226 643 2263 autem
678 2216 866 2280 operari
905 2217 1073 2266 debuit
1113 2219 1175 2266 ad
1207 2201 1339 2284 quod
1381 2223 1605 2273 ordinata

188 2295 276 2335 est.
349 2285 587 2333 Caeterum
625 2301 867 2349 nunquam
890 2287 1161 2351 conjugatis
1185 2290 1469 2354 suppliciter
1492 2308 1604 2340 eam

191 2357 218 2399 a
254 2351 364 2400 Deo
412 2353 764 2418 postulantibus
813 2352 968 2402 defuit
1011 2356 1199 2411 Gratia,
1237 2375 1333 2422 qua
1379 2371 1513 2408 caste
1551 2361 1602 2408 in

192 2417 503 2469 Matrimonio
527 2422 759 2470 viverent.
800 2421 984 2469 Verum
1008 2424 1131 2472 haec
1140 2424 1311 2473 Gratia
1335 2444 1440 2489 quae
1464 2429 1604 2477 bonis

193 2499 452 2550 nuptorum
501 2490 726 2552 operibus
774 2506 832 2538 ac
877 2490 992 2537 fidei
1040 2493 1346 2554 conceditur,
1397 2497 1603 2545 multum

193 2555 351 2604 differt
375 2573 403 2604 a
427 2557 613 2607 Gratia
618 2559 973 2608 sacramentali.

892 3033 935 3079 T
1444 3022 1606 3086 Pnoss
