1846 3250
193 116 318 180 4521
706 127 1138 179 TRACTATUS

264 262 417 314 Prob.
474 262 550 310 2⁰·
592 279 649 310 ex
699 264 1011 319 Traditione.>
1065 266 1161 313 Pro
1205 263 1434 314 Ecclesia
1468 282 1630 330 graeca

201 332 602 397 Chrysostomum
650 332 1022 395 appellabimus,
1082 332 1164 396 qui
1218 333 1405 380 Homil.
1462 337 1538 384 17.
1582 333 1632 380 in

199 399 386 457 Matth‚
422 402 469 447 5.
505 398 575 447 sic
633 399 780 447 habet
832 400 894 447 de
952 415 1013 446 eo
1071 400 1151 461 qui
1199 417 1405 448 uxorem
1454 400 1636 448 dimisit

198 475 404 531 propter
438 465 765 514 adulterium:
801 464 896 514 Ille
935 468 1029 514 etsiv
1060 467 1260 514 alteram
1301 484 1398 515 non
1428 469 1636 524 duxerit,

202 534 289 581 lzoc
313 534 418 597 ipso
441 549 489 580 se
511 536 757 581 constituit
793 535 1015 581 criminis
1049 551 1183 581 reum
1214 537 1345 596 quod
1364 533 1636 583 adulteram

189 601 314 665 fecit
345 617 403 647 ex
437 600 635 663 conjuqe
676 599 812 664 (quae
859 601 999 649 alteri
1038 601 1307 664 nupserit.)
1379 602 1480 649 Hic
1512 617 1640 659 vero,

204 668 480 731 excipiendo
514 669 739 723 alienam,
795 668 984 716 adulter
1031 668 1224 733 effectus
1270 677 1350 716 est.
1440 668 1640 731 Nequa-

204 752 355 799 quam
377 737 503 782 enim
526 735 646 782 milti
668 736 861 799 referas,
884 738 1003 798 quia
1027 737 1164 782 illam
1188 736 1310 782 alter
1331 735 1462 798 ejecit
1478 755 1495 782 .·
1523 751 1639 782 nam

206 802 410 866 expulsa
433 819 636 867 quoque,
662 818 785 851 vumor
810 819 904 850 esse
926 803 1062 851 illius
1085 803 1170 866 qui
1194 819 1297 851 eam
1320 803 1520 866 expulit,
1525 819 1642 866 per-

206 878 402 918 severat.

280 938 379 985 Pro
427 937 654 986 Ecclesia
705 937 855 986 latina
909 937 1266 1002 Hieronymum
1319 946 1369 985 et
1406 935 1646 999 Augusti·

210 1021 330 1054 num
365 1005 690 1053 laudabimus.
769 1005 1103 1070 Hieronymus
1148 1004 1276 1052 enim
1316 1004 1549 1052 consultis
1583 1004 1645 1052 ab

213 1072 444 1120 Amando
470 1073 778 1135 Praesbytero
820 1073 952 1121 circa
994 1082 1283 1136 praesentem
1327 1070 1645 1134 quaestionem

208 1139 284 1188 sic
309 1139 572 1203 respondet
600 1139 757 1203 Epist.
790 1141 900 1191 147.
946 1140 1120 1187 Omnes
1149 1140 1301 1201 igitur
1338 1137 1645 1186 causationes
1669 1185 1673 1187 λ

212 1215 475 1270 amputans
522 1204 784 1270 Apostolus
835 1208 1129 1270 apertissime
1183 1205 1417 1268 definivit,
1463 1207 1646 1252 vivente

213 1276 337 1332 viro,
374 1274 642 1322 adulteram
676 1291 771 1322 esse
804 1274 1064 1329 mulierem,
1092 1276 1135 1323 si
1168 1273 1309 1320 alteri
1343 1273 1561 1335 nupserit
1561 1300 1651 1319 ......

212 1342 437 1406 quandiu
471 1343 595 1389 vivit
624 1344 718 1400 vir,
756 1342 861 1390 licet
893 1340 1100 1389 Adulter
1134 1343 1211 1399 sit,
1246 1340 1352 1388 licet
1377 1340 1648 1395 Sodomita,

215 1411 323 1459 lieet
339 1409 558 1475 flayitiis
582 1409 802 1458 omnibus
824 1418 1086 1472 coopertus,
1122 1417 1168 1456 et
1204 1406 1265 1455 ab
1287 1423 1435 1456 umore
1448 1415 1648 1470 propter

215 1478 316 1525 hoec
349 1478 525 1525 scelera
558 1477 822 1534 derelictus,
858 1479 1064 1525 maritus
1113 1476 1215 1539 ejus
1265 1483 1534 1540 reputatur,
1570 1474 1650 1521 cui

213 1546 421 1593 alterum
444 1546 604 1593 virum
627 1547 839 1605 accipere
860 1561 958 1592 non
982 1545 1101 1591 licet.

275 1613 601 1679 ·Augustinus
643 1612 748 1660 Lib.
784 1613 847 1660 de
897 1610 1182 1660 adulterinis
1231 1609 1486 1674 Conjugiis
1526 1625 1570 1656 c.
1605 1611 1653 1655 4.

214 1690 332 1745 post
354 1679 503 1727 modo
529 1679 680 1727 citata
703 1679 933 1742 Apostoli
957 1680 1105 1726 verba
1129 1694 1193 1725 ex
1226 1679 1382 1741 Epist.
1418 1676 1482 1724 ad
1508 1677 1652 1724 Rom.

214 1748 290 1800 sic
313 1746 449 1795 addit
469 1765 482 1794 t
520 1746 647 1795 Hcec
669 1746 812 1793 verba
835 1744 1058 1808 Apostoli
1082 1747 1214 1793 toties
1237 1744 1494 1800 inculcata,
1536 1756 1651 1788 vera

215 1822 346 1870 sunt,
384 1815 498 1861 viva
531 1822 661 1869 sunt,
698 1829 823 1861 sana
857 1821 985 1870 sunt,
1017 1813 1171 1877 plana
1205 1821 1331 1867 sunt,
1384 1827 1482 1858 non
1528 1824 1650 1872 opus

216 1882 392 1930 liabent
412 1883 798 1945 interpretatione
813 1901 833 1936 ,0
873 1896 1022 1943 neque
1049 1880 1051 1882 ’
1052 1881 1336 1942 posterioris
1357 1879 1455 1924 viri
1478 1876 1649 1924 mulier

214 1966 344 1998 umor
365 1965 459 1997 esse
482 1950 666 2011 incipit,
692 1950 789 1996 nisi
802 1949 992 2011 prioris
1014 1964 1109 1994 esse
1125 1948 1343 1995 desierit.-
1378 1961 1473 1992 esse
1494 1951 1653 1991 autem

214 2018 392 2066 desinit
410 2032 536 2065 uxor
555 2018 753 2080 prioris,
789 2017 833 2063 si
854 2016 1092 2063 moriatur
1113 2016 1191 2063 vir
1213 2014 1331 2077 rjus,
1359 2028 1456 2061 non
1479 2013 1524 2059 si
1539 2007 1654 2076 sor-

217 2087 420 2133 nieetur.
1597 2096 1600 2098 ’

297 2152 395 2206 Qui
423 2151 757 2206 continuatam
799 2151 944 2212 hujus
970 2149 1188 2198 veritatis
1236 2166 1325 2214 per
1348 2146 1540 2211 singula
1565 2146 1662 2194 Ec-

222 2219 388 2267 clesiae
437 2220 617 2267 saecula
660 2218 970 2266 traditionem
1007 2217 1233 2274 voluerit,
1288 2217 1431 2264 adeat
1481 2213 1658 2261 Giber-

222 2296 330 2334 tum
365 2296 482 2334 tom.
508 2290 556 2333 3.
593 2285 812 2333 Historie
841 2284 1079 2333 Ecclesiae
1115 2285 1248 2332 circa
1286 2285 1656 2332 Sacramentum

220 2352 545 2402 Matrimonii.
1040 2370 1044 2373 ·

294 2420 447 2473 Prob.
483 2422 563 2466 30'
599 2436 656 2467 ecc
691 2420 971 2477 auctoritate
997 2418 1321 2466 Conciliorum
1341 2414 1597 2478 yeneraliu
1610 2430 1658 2460 m

225 2487 562 2539 Florentinum
598 2486 647 2532 in
685 2487 910 2534 Decreto
945 2486 1016 2533 sic
1068 2486 1255 2534 habet:
1323 2484 1570 2542 Quamvis„
1603 2497 1659 2528 ex

227 2572 379 2603 causa
399 2554 747 2619 fornicationis
772 2554 910 2600 liceat
931 2553 1061 2600 thori
1094 2553 1440 2616 separationem
1471 2550 1658 2615 facere,

227 2639 327 2671 non
351 2630 508 2668 tamen
530 2622 674 2669 aliud
693 2622 1051 2669 matrimonium
1073 2619 1364 2675 contrahere,
1378 2618 1471 2681 fas
1494 2624 1574 2664 est.

299 2687 642 2736 Tridentinum
696 2704 813 2735 sess.
850 2690 932 2735 24.
968 2704 1075 2735 can.
1114 2688 1160 2737 7.
1218 2689 1272 2735 Si
1329 2687 1440 2749 quis
1483 2683 1660 2731 dixerit

231 2756 500 2805 Ecclesiam
536 2771 712 2811 errare,
749 2771 857 2801 cum
891 2757 1053 2803 docuit
1083 2762 1128 2802 et
1160 2755 1303 2811 docet,
1324 2753 1477 2814 juoeta
1516 2765 1661 2799 evan--

228 2819 426 2885 yelicam
462 2831 507 2870 et
533 2821 844 2886 'apostolicam
895 2824 1178 2879 doctrinam,
1238 2828 1435 2884 propter
1478 2818 1661 2866 adulte.-

230 2892 362 2939 rium
393 2890 593 2940 alterius
626 2889 881 2953 conjuyum
937 2890 1234 2938 matrimonii
1268 2886 1513 2937 vinculum
1563 2900 1660 2932 non

1521 2962 1656 3017 posse
