1846 3250
255 169 352 217 :354
739 148 1171 220 TRACTATUS

254 300 471 350 dimento
509 300 820 365 dispensandi
860 304 1083 353 facultas.
1153 305 1227 353 2⁰.
1264 305 1320 353 In
1357 319 1474 353 casu
1500 313 1676 368 urgen-

256 368 318 415 tis
342 369 663 426 necessitatis,
689 380 739 417 et
763 370 844 417 ubi
871 371 1030 435 agitur
1052 371 1115 419 de
1139 371 1487 435 impedimento
1513 371 1680 430 occul-

259 446 340 491 to;
377 432 572 499 quando
614 453 657 483 v.
681 454 729 500 g.
766 437 969 486 invitato
1016 449 1272 515 parentum
1315 449 1465 495 coetu,
1501 438 1681 502 paratis

258 503 483 550 omnibus
529 503 590 550 ad
638 505 832 568 nuptias
890 506 969 554 die
1015 506 1287 571 propinqua
1343 506 1678 562 celebrandas,

257 570 593 618 Confessanius
620 587 682 619 ex
717 573 996 621 alterutrius
1025 574 1349 622 Confessione
1382 571 1606 640 detegit'
1594 589 1684 619 tm·

257 637 591 714 pedimentum
642 655 704 686 ex
765 639 1061 688 commercio
1105 639 1278 688 illicito
1323 635 1537 698 occulto,
1585 654 1680 687 nec

254 705 548 767 'permittunt
581 707 816 769 angustiae
841 708 1073 770 temporis
1112 724 1365 756 recurrere
1390 708 1452 755 ad
1477 709 1677 784 Papam,

257 784 352 820 nec
389 773 530 820 vitari
574 784 738 836 potest
774 775 1057 822 scandalum
1098 785 1183 823 aut
1222 775 1431 823 infamiae
1466 774 1679 838 suspicio

261 849 343 886 aut
368 840 649 903 gravissima
689 841 955 899 inimicitia,
990 842 1080 889 nisi
1122 843 1368 906 dispenset
1396 842 1684 906 Episcopus,

254 922 357 955 non
384 918 611 955 censetur
639 910 688 956 S.
711 909 976 957 Pontifex
966 926 1013 955 1n
1039 926 1098 957 eo
1119 926 1233 958 casu
1259 910 1347 958 sibi
1372 909 1684 974 dispensandi

259 985 554 1036 potestatem
580 992 868 1035 reservasse,
906 977 1019 1041 quia
1043 978 1306 1025 reservatio
1329 978 1376 1024 in
1397 976 1539 1033 simili
1564 993 1681 1024 casu

261 1056 360 1088 non
395 1042 443 1087 in
480 1043 868 1101 aedificationem,
906 1044 992 1091 sed
1030 1045 1077 1090 in
1113 1044 1377 1108 perniciem
1415 1045 1681 1092 animarum

264 1108 507 1157 tenderet.
602 1111 654 1158 Si
682 1127 798 1158 vero
834 1111 998 1174 puella
1030 1112 1353 1175 dispensanda
1391 1112 1558 1174 procul
1587 1111 1683 1158 dis·

252 1183 333 1223 tet
375 1178 435 1223 ab
463 1177 599 1224 Urbe
638 1178 887 1241 Episcopi,
931 1194 1024 1225 nec
1047 1189 1240 1242 tempus
1264 1179 1326 1226 sit
1350 1178 1410 1226 ad
1437 1195 1553 1235 eum
1575 1178 1685 1226 mit·

254 1250 385 1300 tere,
425 1244 542 1291 utile
567 1255 730 1307 potest
753 1262 859 1293 esse
885 1244 1113 1308 effugium
1141 1246 1272 1309 quod
1297 1245 1504 1293 suadent
1528 1245 1684 1304 multi,

257 1310 454 1358 'scilicet
480 1321 533 1358 ut
567 1328 744 1375 sponsa
768 1313 871 1360 haec
897 1323 1068 1361 voveat
1096 1314 1368 1363 castitatem
1394 1313 1453 1360 ad
1475 1322 1686 1376 tempus,

264 1387 314 1425 et
349 1378 510 1441 palam
534 1378 667 1426 dicat
688 1380 778 1427 sibi
814 1389 1015 1444 propter
1057 1390 1221 1428 votum
1247 1381 1340 1428 hoc
1366 1397 1394 1429 a
1431 1380 1688 1429 Confessa—

257 1444 336 1492 ‘rio
374 1456 682 1522 praeceptum
733 1445 840 1495 esse
886 1457 940 1495 ut
986 1463 1016 1495 a
1062 1447 1366 1495 matrimonio
1413 1448 1688 1505 abstineat;

262 1511 457 1560 interim
499 1530 614 1560 vero
655 1524 935 1562 recurratur
970 1515 1033 1562 ad
1078 1516 1126 1563 S.
1153 1516 1441 1564 Pontificem
1477 1515 1538 1563 ad
1564 1514 1693 1563 obti-

260 1579 471 1627 nendam
519 1581 620 1627 veri
661 1581 995 1645 impedimenti
1038 1598 1136 1646 quo
1208 1582 1491 1646 astringitur
1522 1581 1685 1631 relax·

263 1645 493 1695 ationem.
564 1647 634 1695 Ut
694 1665 809 1696 vero
869 1649 1044 1696 talibus
1102 1650 1338 1712 angustiis
1385 1660 1689 1708 occurratur,

255 1711 469 1762 'Fideles
503 1731 633 1778 saepe
665 1726 877 1764 moneat
935 1716 1208 1779 Episcopus
1267 1717 1328 1763 de
1372 1717 1692 1766 Confessione

184 1827 192 1830 .
259 1781 513 1844 aliquanto
536 1791 758 1845 tempore
782 1794 895 1830 ante
922 1782 1273 1833 matrimonium
1298 1784 1539 1832 facienda.

332 1852 416 1898 5⁰·
454 1849 638 1897 Praeter
663 1866 802 1898 casus
836 1850 1062 1913 praefatos
1103 1850 1152 1896 in
1193 1851 1366 1914 quibus
1391 1849 1688 1913 generaliter

262 1913 500 1981 'Episcopi
526 1916 806 1979 dispensare
848 1927 1067 1982 possunt,
1104 1928 1274 1965 tenent
1311 1918 1506 1980 insuper
1547 1918 1688 1982 Epis-

264 1982 371 2046 copi
396 1983 649 2046 perplures
675 1986 750 2032 vel
786 2001 850 2032 ex
874 1986 907 2033 J
912 2001 997 2031 ure
1022 1984 1109 2032 sibi
1134 1984 1332 2048 proprio
1354 1986 1450 2033 suis
1486 1985 1685 2034 sedibus

257 2053 553 2098 ‘conservato
578 2068 739 2115 neque
764 2068 852 2115 per
885 2053 934 2100 S.
960 2051 1247 2100 Pontificem
1274 2052 1572 2116 praescripto,
1609 2053 1687 2101 vel

256 2117 436 2165 ¹saltem
462 2134 525 2165 ex
564 2119 936 2176 consuetudine,
972 2135 1118 2182 super
1140 2120 1383 2167 nonnullis
1407 2119 1545 2167 aliis
1532 2135 1687 2185 lmpe·

264 2183 493 2232 dimentis
534 2185 842 2247 dispensandi
876 2186 1181 2263 facultatem,
1218 2188 1303 2234 sed
1347 2204 1454 2250 quae
1491 2203 1587 2235 non
1625 2187 1688 2235 sit

257 2251 474 2299 'eadem
462 2267 508 2297 m
538 2253 773 2300 omnibus.
845 2253 945 2299 Alii
970 2254 1191 2300 nimirum
1223 2254 1538 2315 dispensant
1526 2270 1573 2300 m
1598 2254 1696 2302 im·

262 2315 556 2381 pedimentiS
598 2319 821 2376 occultis,
859 2335 1101 2380 nunquam
1144 2320 1192 2366 in
1235 2319 1474 2382 publicis;
1508 2320 1586 2367 alii
1633 2321 1683 2367 in

259 2385 472 2451 *publicis
495 2385 669 2433 sivein
711 2386 1044 2434 contrahendo
1079 2387 1178 2433 sive
1213 2385 1260 2432 in
1287 2396 1569 2443 contracto;
1605 2388 1685 2436 alii

265 2469 377 2501 cum
403 2453 698 2517 pauperibus
723 2464 940 2509 tanturm
975 2453 1056 2500 alii
1080 2453 1224 2501 etiam
1263 2470 1372 2501 curn
1399 2453 1455 2501 iis
1481 2455 1560 2516 qui
1586 2471 1684 2502 non

264 2530 377 2567 sunt
411 2521 612 2583 inopes;
648 2521 727 2569 alii
774 2519 821 2568 in
859 2530 1035 2585 quarto
1068 2521 1307 2567 duntaxat
1343 2521 1685 2585 consanguini-

262 2586 374 2634 tatis
416 2588 493 2635 vel
535 2587 775 2636 affinitatis
810 2588 996 2651 gradu;
1031 2587 1110 2634 alii
1146 2588 1193 2633 in
1220 2588 1379 2636 tertio.
1449 2589 1572 2637 Cum
1596 2589 1684 2651 'jus

261 2653 409 2701 faciat
436 2656 741 2702 consuetudo
763 2655 987 2718 pacifica
1003 2653 1053 2701 et
1076 2654 1292 2718 antiqua,
1329 2655 1532 2717 haecque
1558 2656 1682 2719 Leo·
1649 2671 1682 2701 1

261 2720 568 2791 aequivaleat‚
617 2723 853 2772 servanda
900 2731 974 2770 est
1007 2721 1305 2785 singularum
1349 2722 1681 2809 Ecclesiarum
1732 2771 1741 2776 ,

260 2797 487 2835 constans
511 2787 780 2851 disciplina.

263 2870 267 2872 ⁴
331 2857 412 2904 60·
450 2855 668 2902 Tandem
698 2855 929 2921 Episcopi
965 2856 1128 2925 plures
1153 2856 1197 2903 vi
1227 2856 1399 2904 indulti
1426 2848 1681 2919 apostolici

260 2936 410 3002 super
433 2919 789 2990 impedimentis
824 2923 964 2988 Papae
1002 2924 1257 2972 reservatis
1295 2925 1590 2990 dispensant,
1630 2934 1683 2970 ut

1591 3006 1682 3037 usu
