1846 3250
701 64 719 83 ἱ

259 153 363 202 332
753 155 1182 208 TRACTATUS

321 286 621 350 Respondet
648 288 698 336 S.
725 289 957 350 Thomas,
991 292 1076 341 oui
1114 293 1373 343 adhaerent
1404 293 1691 342 Sambo-vius

261 364 316 403 et
352 354 646 412 Pontasius,
683 357 1009 422 redintegrari
1064 361 1269 424 primum
1331 361 1691 414 matrimonium

262 431 314 469 et
335 421 489 469 virum
515 422 648 469 illum
676 424 857 473 debere
882 427 941 474 ad
984 427 1190 489 priorem
1236 422 1517 476 mulierem
1529 444 1692 476 rever

260 488 317 537 ti.
384 490 605 542 Censent
662 492 750 538 alii
795 509 922 541 eum
958 495 1165 543 Giherto
1227 506 1357 543 stare
1416 496 1688 544 secundum

260 556 637 614 matrimonium,
675 569 775 607 tum
813 561 926 624 quia
978 578 1037 610 ea
1089 563 1344 625 disciplina
1398 563 1446 609 in
1510 564 1688 625 Regno

257 622 523 673 Gallicano
546 624 718 688 viget,
734 631 834 675 'tum
862 629 976 691 quia
1008 629 1053 675 in
1079 630 1282 706 piaefato
1308 645 1423 677 casu
1439 631 1688 692 impotem

261 690 331 739 tia
353 690 530 740 merito
555 704 783 742 censetur
807 696 1081 760 respectiva
1120 696 1247 745 inter
1270 697 1424 744 virum
1464 697 1599 744 ilium
1637 707 1688 744 et

261 758 475 822 priorem
498 759 769 810 mulierem.
860 764 917 811 In
944 780 1002 812 ea
1028 780 1080 812 re
1104 764 1285 812 difficili
1306 780 1369 812 ac
1388 764 1531 812 valde
1554 763 1689 810 intri-

260 837 374 876 cata
410 828 693 877 consulendi
734 830 1035 894 Superiores,
1090 848 1295 895 quorum
1346 841 1420 879 est
1455 847 1519 881 ex
1555 831 1690 880 loco.-

259 909 368 943 rum
406 894 660 958 disciplina
685 907 734 944 et
761 898 980 962 Legibus
1007 899 1246 962 judicium
1270 899 1416 948 ferre.

258 994 261 998 -
336 963 532 1018 Qua-res
556 963 625 1012 7⁰·
659 964 778 1028 quid
819 966 962 1028 jin-is,
1017 967 1060 1015 si
1117 967 1405 1032 impotentia
1461 948 1690 1014 remediis

258 1029 362 1079 tolli
395 1030 590 1093 possit?
1538 1066 1541 1071 s

327 1097 395 1144 R.
433 1097 483 1144 Si
508 1097 798 1160 impotentia
826 1100 1051 1149 remediis
1090 1100 1389 1150 naturalibus
1424 1101 1547 1149 citra
1570 1114 1687 1170 pec·

260 1172 423 1213 catum
450 1179 509 1212 ac
534 1165 645 1212 vitae
669 1167 942 1242 periculum
970 1168 1074 1215 tolli
1119 1170 1287 1232 possit,
1321 1168 1480 1217 teneri
1503 1167 1551 1214 id
1579 1183 1689 1230 per-

256 1240 450 1280 tentare
473 1242 660 1295 partem
686 1233 1024 1298 impotentem‚
1063 1252 1124 1283 ex
1154 1237 1203 1285 S.
1232 1236 1483 1284 Antonino
1510 1244 1558 1281 et
1583 1234 1688 1282 aliis

258 1300 455 1355 mulum
489 1316 632 1347 secus
657 1317 789 1358 vero,
829 1303 866 1349 si
892 1319 968 1350 res
993 1303 1096 1351 sine
1122 1314 1331 1367 peccato
1367 1319 1429 1352 ac
1455 1302 1565 1350 vitae
1601 1318 1686 1364 pe-

255 1357 411 1415 riculo
432 1366 540 1414 fieri
564 1384 659 1415 non
686 1370 852 1432 possit.

330 1435 522 1491 Quaeres
564 1439 627 1483 8⁰
666 1437 781 1500 quid
818 1436 1124 1485 sentiendum
1163 1436 1224 1485 sit
1283 1438 1344 1486 de
1397 1436 1687 1501 impotentia

258 1517 319 1550 ex
359 1501 641 1550 maleficio?
1660 1529 1663 1533 -

322 1570 386 1616 R.
429 1572 488 1615 10·
524 1569 606 1616 vix
644 1569 851 1618 dubitari
906 1588 1047 1635 posse
1108 1571 1230 1637 quin.
1273 1572 1433 1628 detur,
1486 1587 1596 1618 cum
1634 1570 1684 1618 in

258 1637 481 1683 omnibus
536 1636 643 1684 fere
706 1638 980 1686 Ritualibus
1050 1650 1362 1696 memoretur,
1422 1638 1686 1700 multisque

257 1704 493 1766 probetur
529 1705 805 1767 exemplis.
880 1706 1055 1758 Dicam
1093 1716 1256 1752 tamen
1309 1705 1481 1761 obiter,
1531 1706 1685 1752 multa

257 1786 387 1834 saepe
412 1770 558 1818 tribui
584 1772 871 1819 Daemonum
905 1772 1172 1829 maleficiis,
1210 1789 1315 1833 quae
1356 1774 1417 1819 ab
1442 1772 1546 1820 aliis
1571 1787 1686 1818 cau·

256 1837 336 1893 sis,
364 1855 408 1884 v.
432 1854 480 1901 g.
506 1854 568 1885 ex
595 1839 939 1902 imaginatione
981 1841 1280 1902 perturbata,
1317 1841 1392 1886 vel
1433 1840 1561 1895 odio,
1605 1840 1681 1886 vel

247 1906 452 1965 Junioris
478 1906 654 1968 puellae
673 1906 968 1954 verecundia
993 1906 1386 1970 proficiscuntur.

323 1975 388 2022 R.
427 1974 490 2020 20·
528 1989 625 2020 non
683 1973 833 2022 licere
877 1974 1290 2050 impedimentum
1351 1969 1471 2021 illud
1529 1974 1684 2020 altero

254 2040 497 2088 maleficio
523 2050 608 2088 aut
634 2041 799 2105 quavis
824 2042 1168 2105 superstitione
1193 2042 1384 2089 tollere.

325 2109 388 2156 R.
427 2111 490 2155 3⁰·
527 2108 632 2155 dari
667 2109 726 2155 ad
783 2109 1134 2172 experientiam
1196 2109 1483 2171 conjugibus
1536 2106 1685 2154 trien-

255 2174 420 2222 nium:
458 2192 554 2237 quo
604 2176 795 2222 interim
856 2188 1077 2239 tempore
1138 2176 1320 2223 debent
1370 2177 1401 2221 ii
1459 2186 1684 2235 satagere

254 2241 345 2304 piis
380 2243 628 2306 operibus,
681 2244 1018 2290 sacramentali
1073 2254 1389 2305 peccatorum
1450 2242 1681 2289 confessi-

226 2338 228 2340 *
258 2325 368 2367 one,
428 2325 566 2357 sacra
621 2310 980 2364 communione,
1057 2310 1394 2373 eleemosynis,
1468 2308 1683 2369 jejpniis‚

255 2377 484 2440 precibus
526 2378 686 2424 Deum
727 2378 936 2439 placare,
997 2386 1044 2424 et
1082 2377 1141 2423 ad
1186 2377 1453 2423 exorcistas
1489 2376 1683 2437 aliaque

257 2444 473 2494 remedia
507 2444 745 2492 Ecclesiae
781 2443 1055 2492 Ritualibus
1094 2443 1377 2507 praescripta
1416 2458 1684 2490 recurrere.

258 2513 405 2565 Quod
452 2511 490 2559 si
528 2512 756 2575 precibus
793 2521 842 2558 et
878 2513 981 2559 aliis
1034 2511 1124 2576 piis
1174 2511 1401 2574 operibus
1438 2525 1531 2557 non
1572 2524 1683 2572 pos-

256 2579 318 2625 sit
356 2579 523 2642 repelli
561 2578 680 2626 illud
736 2580 1044 2635 maleficium,
1097 2588 1216 2626 tunc
1264 2577 1552 2640 impotentia
1610 2587 1685 2624 est

254 2642 658 2708 impedimentum
696 2646 942 2701 dirimens,
978 2646 1201 2708 adeoque
1237 2645 1272 2692 si
1307 2644 1546 2721 praeiverit
1585 2659 1685 2690 ma

259 2712 501 2769 trimonio,
540 2713 688 2760 debet
712 2714 881 2761 Judex
909 2714 1157 2767 declarare
1194 2713 1550 2760 matrimonium
1578 2725 1684 2758 esse

253 2781 458 2838 nulium.
740 2816 749 2821 -

314 2848 520 2904 Quoeres
555 2850 619 2896 9⁰·
677 2862 735 2894 an
786 2848 970 2895 nulium
1025 2847 1084 2894 sit
1139 2846 1496 2895 matrimonium
1556 2844 1686 2891 inter

255 2916 461 2973 steriles,
498 2930 653 2973 seneS,
693 2915 942 2962 eunuchos
969 2915 987 2962 ἓ
1564 2944 1586 2948 -»
1614 2942 1685 3022 R·
