1846 3250
558 157 654 206 DE
691 156 1186 206 MATRIMONIO.
1521 157 1615 207 195:

272 283 572 347 Respondent
597 287 671 330 10·
720 282 867 340 multi,
893 300 996 348 neg.
1031 287 1141 347 ma'.
1181 280 1308 337 Quia
1346 280 1462 330 licet
1498 297 1613 329 usus

206 351 503 399 Matrimonii
526 367 622 398 non
640 348 702 398 sit
717 349 778 397 de
802 350 931 398 illius
951 351 1174 409 essentia,
1195 348 1258 399 ad
1281 350 1410 398 illam
1430 361 1611 405 tamen,

195 423 344 495 juxta
364 435 463 477 eos,
501 418 711 481 pertinet
726 422 808 479 jus
833 418 1078 483 quoddam
1104 418 1315 467 radicale
1340 418 1403 467 ad
1441 417 1615 465 Matri-

202 487 346 534 monii
384 485 862 543 cOnsummafionem,
909 486 1273 551 substantiaque
1313 483 1615 534 Matrimonii

200 554 348 618 exigit
380 566 434 603 ut
471 554 655 619 possint
696 553 1037 603 contrahentes
1061 554 1167 602 fieri
1203 571 1300 602 una
1323 570 1452 602 caro·
1520 554 1612 602 Jus

200 632 361 670 autem
386 623 507 671 illud
531 618 880 686 impotentibus
911 622 1160 687 perpetuis
1190 621 1393 670 minime
1419 634 1614 686 compe-

199 689 276 743 tit,
311 690 568 756 divinaque
594 693 731 756 Lege
754 690 982 739 fratribus
1007 706 1126 754 erga
1152 706 1346 738 soreres
1381 690 1614 738 interdic-

199 768 301 805 tum
329 771 418 807 est.
1617 804 1619 806 ,

264 828 327 875 R.
352 831 428 875 20·
464 845 579 878 cam.
603 827 710 887 aliis
743 827 851 877 dist.
889 831 999 893 maij.
1035 827 1205 875 Frater
1243 836 1294 874 et
1334 840 1486 883 soror,
1523 826 1614 875 im-

195 905 422 957 potentes
447 908 643 961 possent
679 895 985 953 contrahere,
1023 904 1210 943 attento
1237 899 1349 956 ¹iure
1383 894 1610 952 naturali,

197 979 319 1012 conc.
344 965 541 1013 attentis
565 964 781 1029 Legibus
806 963 1036 1029 positivis,
1073 980 1175 1040 neg.
1235 961 1475 1009 Nimirum
1502 963 1615 1010 Ma-

195 1029 473 1080 trimonium
499 1048 608 1081 cum
631 1048 812 1090 sorore,
848 1032 925 1080 vel
950 1047 1061 1080 cum
1092 1031 1363 1108 impotente
1398 1046 1493 1078 non
1538 1041 1615 1078 est

196 1099 490 1178 prohibitum
535 1100 652 1168 ipso
699 1101 821 1149 Jure
868 1098 1074 1148 naturali
1121 1099 1336 1163 rigorose
1382 1108 1612 1162 sumpto;

197 1165 433 1232 siquidem
458 1164 595 1217 initio
618 1167 789 1217 mundi
824 1168 1108 1233 permissum
1124 1167 1219 1216 est
1243 1183 1272 1215 a
1296 1167 1409 1215 Deo
1434 1167 1612 1214 sororis

196 1244 247 1281 et
282 1235 442 1285 fratris
485 1236 882 1294 Matrimonium;
923 1253 1018 1285 nec
1051 1235 1390 1301 impotentium
1427 1235 1613 1298 nuptiae

195 1303 450 1366 prohibitae
486 1315 601 1354 sunt
641 1305 863 1369 Legibus
901 1304 1120 1352 civilibus
1160 1303 1251 1352 nisi
1274 1320 1304 1352 a
1336 1303 1613 1352 Justiniano

194 1387 359 1420 versus
384 1372 597 1421 medium
622 1377 668 1422 6.
691 1374 862 1431 seculi,
899 1373 1217 1437 Legibusque
1241 1371 1614 1420 ecclesi-§asticis

196 1441 242 1489 7.
269 1440 505 1489 Ecclesiae
528 1443 722 1500 saeculo,
761 1452 815 1490 ut
837 1441 1003 1489 videre
1028 1450 1102 1489 est
1125 1439 1263 1505 apud¹
1281 1440 1559 1488 Gibertum.

261 1510 507 1571 Quantum
550 1510 612 1558 ad
651 1509 792 1558 aliam
831 1509 1142 1572 quaestionem
1175 1509 1304 1556 inter
1327 1508 1610 1571 Theologos

196 1576 444 1639 agitatam,
482 1586 641 1625 utrum
678 1575 979 1625 Matrimonii
1017 1576 1227 1625 essentia
1263 1575 1422 1639 posita
1461 1575 1527 1623 sit.
1559 1575 1611 1621 in

196 1655 367 1693 mutuo
391 1645 598 1709 partium
625 1661 881 1702 consensu,
919 1655 1079 1692 utrum
1105 1643 1307 1692 vero-in
1344 1659 1479 1691 nexu
1518 1659 1609 1692 seu

196 1712 390 1761 vinculo
417 1713 547 1777 quod
571 1729 634 1761 ex
672 1712 755 1761 illa
778 1711 1004 1777 pactione
1039 1712 1271 1770 nascitur,
1288 1711 1475 1759 videter
1499 1728 1608 1760 esse

195 1780 258 1829 de
282 1781 473 1830 nomine
498 1781 659 1845 potius
684 1797 827 1845 quam
854 1780 916 1828 de
957 1797 1009 1828 re
1041 1780 1146 1828 haec
1172 1778 1518 1838 controversia,
1556 1791 1608 1828 et

194 1865 286 1919 pro
332 1849 540 1914 duplicis
587 1848 888 1898 Matrimonii
937 1848 1324 1897 consideratione
1370 1863 1486 1895 vera
1530 1857 1606 1896 est

194 1927 401 1981 utraque
424 1917 681 1967 sententia.
737 1917 788 1965 Si
807 1916 935 1965 enim
959 1915 1330 1965 Matrimonium
1336 1915 1609 1979 accipiatur

194 2001 284 2048 pro
308 1985 499 2034 actione
533 1995 814 2033 transeunte
838 2000 925 2049 per
950 2001 1093 2048 quam
1127 1985 1471 2032 contrahentes
1497 1999 1603 2032 sese

197 2052 430 2115 obligant,
465 2068 552 2100 seu
577 2069 665 2116 pro
691 2069 837 2101 causa
860 2052 1163 2099 Matrimonii
1190 2051 1442 2108 efficiente,
1478 2052 1607 2100 illius

194 2120 403 2169 essentia
443 2120 664 2169 consistit
699 2121 747 2168 in
794 2130 964 2169 mutuo
1010 2120 1219 2185 partium
1256 2126 1512 2179 consensu,
1551 2131 1606 2167 ut

193 2199 346 2252 patet.
421 2189 471 2237 Si
514 2205 627 2237 vero
653 2187 1018 2237 Matrimonium
1043 2188 1314 2253 accipiatur
1350 2199 1495 2253 prout
1531 2198 1608 2238 est

195 2256 375 2319 aliquid
400 2273 705 2321 permanens,
739 2267 885 2322 prout
908 2267 983 2306 est
1006 2256 1289 2320 conjunctio
1313 2257 1400 2304 viri
1426 2267 1476 2305 et
1501 2273 1607 2303 mu-

192 2325 321 2373 lieris
367 2328 734 2388 perseveranter
779 2324 1043 2375 subsistens
1082 2325 1132 2372 in
1170 2336 1457 2390 perpetuam
1491 2324 1605 2371 vitae

193 2393 495 2453 societatem,
530 2394 657 2443 illius
683 2393 894 2443 essentia
929 2393 1150 2443 consistit
1183 2394 1233 2440 in
1258 2410 1392 2442 nexu
1424 2392 1506 2456 qui
1539 2406 1605 2440 ex

196 2476 434 2511 consensu
463 2461 595 2527 prius
632 2463 748 2512 dato
788 2462 1006 2524 resultat,
1043 2462 1113 2511 uti
1146 2461 1292 2511 facile
1326 2460 1606 2525 intelligunt

197 2544 379 2577 omnes-

1376 3016 1608 3068 CAPUT
