1846 3250
569 139 665 193 DE
682 156 685 159 >
704 138 1207 192 MATRIMONIO.
1531 137 1631 201 295³

199 279 446 335 naturalis,
484 294 581 326 non
616 287 781 342 potest
817 275 922 325 fieri
958 276 1155 334 malum,
1207 288 1300 321 nec
1352 269 1557 337 proinde
1605 285 1636 319 a

198 347 503 412 Principibus
529 344 794 409 prohiberi.
1383 379 1385 383 .
1502 351 1504 353 ’
1530 348 1536 353 ”
1610 358 1615 365 ··

265 416 332 463 R.
357 417 463 463 dist.
500 414 614 461 Non
638 421 799 476 potest
824 410 930 460 fieri
958 411 1153 466 malum,
1192 408 1339 457 rebus
1379 407 1427 454 in
1455 405 1628 455 eodem

197 493 326 530 statu
351 482 765 545 permanentibus,
802 497 928 528 conc.
955 480 1102 527 rebus
1129 476 1342 548 mutatis,
1383 493 1487 541 neg.
1545 472 1632 523 ‘Sic

197 559 479 597 contractus
529 547 789 612 emptionis
837 563 900 594 ex
941 555 1116 594 natura
1150 561 1238 594 sua
1291 545 1464 600 bonus,
1524 540 1634 590 fieri

195 627 358 664 tamen
385 627 548 680 potest
573 617 726 664 malus
751 624 952 680 propter
981 614 1212 676 quasdam
1240 608 1631 660 circumstantias

196 684 420 733 societati
446 685 641 740 noxias,
673 700 779 746 quae
804 682 920 730 huic
952 680 1228 729 contractui
1253 679 1496 727 accedere
1520 692 1631 742 pos·

195 762 324 809 sunt,
362 753 587 800 nimirum
623 761 800 815 praeter
848 748 1153 798 conditiones
1212 748 1468 811 generales
1509 760 1630 809 quas

195 830 368 868 natura
393 837 481 884 per
506 837 557 868 se
582 821 734 884 ipsam
757 818 1090 867 contractibus
1115 815 1359 879 apposuit,
1404 814 1625 876 quaedam

194 898 305 935 sunt
332 888 603 951 peculiares
629 904 737 951 quae
762 899 966 950 possunt
997 902 1061 932 ex
1087 883 1286 931 diversis
1336 884 1470 940 locis,
1506 892 1630 929 tem-

192 955 407 1018 poribus,
433 956 649 1018 -aliisque
686 952 1064 1002 circumstantiis
1124 950 1358 1015 pendere,
1420 964 1626 1013 quarum

191 1023 646 1070 determinationem
674 1022 982 1084 Principibus
1010 1032 1183 1067 natura
1207 1017 1420 1081 reliquit.
1485 1015 1626 1065 Sicut

189 1089 339 1153 igitur
372 1101 593 1138 naturam
635 1089 888 1154 physicam
931 1104 1006 1135 ars
1049 1087 1258 1151 perficit,
1295 1086 1366 1133 sic
1402 1094 1626 1132 naturam

190 1159 424 1206 moralem
462 1175 549 1206 seu
586 1167 869 1206 contractus
904 1156 1150 1204 naturales
1198 1154 1482 1218 Principum
1519 1153 1627 1200 De-

194 1234 331 1273 creta
376 1225 927 1289 perficiunttexempli
969 1223 1142 1288 gratia,
1196 1222 1413 1286 postulat
1450 1230 1628 1268 natura

201 1303 255 1340 ut
293 1309 558 1341 consensus
594 1293 656 1341 sit
693 1292 1031 1349 voluntarius,'
1055 1291 1292 1354 Princeps
1332 1305 1451 1338 vero
1490 1287 1632 1336 addit

198 1360 325 1424 Legi
359 1373 407 1409 et
440 1361 656 1410 declarat
698 1361 883 1408 nullum
923 1369 1231 1409 contractum
1266 1356 1371 1405 fieri
1414 1356 1503 1404 nisi
1539 1361 1640 1421 per*

189 1433 398 1490 majores
447 1431 529 1477 25.
566 1445 820 1484 annorum,
857 1439 1059 1492 propter
1099 1442 1279 1490 magna
1312 1424 1628 1474 incommoda

190 1511 299 1558 quae
340 1496 389 1542 in
424 1497 711 1545 societatem
752 1506 1029 1559 vergerent,
1068 1495 1107 1542 si
1143 1496 1317 1542 liceret
1352 1503 1468 1540 ante
1500 1491 1624 1539 illud

196 1573 392 1628 tempus
419 1565 724 1621 contrahere,
762 1573 810 1611 et
851 1564 963 1627 quia
987 1573 1100 1611 ante
1124 1563 1256 1610 illam
1287 1570 1484 1610 aetatem
1509 1575 1629 1611 con·

194 1647 364 1680 sensus
389 1647 484 1679 non
509 1631 816 1696 praesumitur
839 1630 1098 1681 sufficiens.
1299 1642 1301 1645 ’
1442 1633 1445 1634 ’
1544 1650 1554 1656 “

258 1700 380 1747 Inst.
406 1702 471 1745 2⁰·
496 1699 725 1762 Quisquis
750 1714 779 1746 a
802 1710 975 1746 natura
992 1703 1072 1761 jus
1091 1697 1238 1746 habet
1263 1694 1624 1745 matrimonium

193 1767 544 1815 contrahendi:
580 1767 715 1831 atqui
740 1783 833 1815 nec
862 1767 1113 1831 Principes
1150 1782 1244 1814 nec
1287 1763 1516 1814 Ecclesia
1537 1778 1624 1813 na·

189 1844 311 1882 turae
339 1839 419 1897 jus
445 1835 703 1883 immutare
729 1845 965 1897 possunt;
1002 1850 1137 1897 ergo,
1160 1837 1250 1881 ὅτε.
1369 1846 1373 1850 ’

258 1903 323 1950 R.
370 1904 478 1951 dist.
539 1902 772 1965 Quisquis
832 1901 1125 1949 matrimonii
1175 1897 1498 1949 contrahendi
1541 1904 1624 1962 jus

186 1968 334 2017 habet
361 1986 389 2016 a
414 1979 601 2027 natura,
639 1969 769 2032 quod
797 1974 908 2031 Jure
935 1969 1080 2027 civili,
1118 1985 1207 2032 pro
1243 1968 1299 2016 iis
1325 1966 1407 2032 qui
1434 1977 1549 2015 sunt
1571 1967 1623 2015 in

192 2037 428 2084 societate
455 2037 614 2101 positi,
655 2037 796 2100 dirigi
822 2053 881 2085 ac
906 2037 1075 2101 perfici
1109 2037 1274 2093 debet,
1311 2053 1444 2091 conc„
1461 2050 1624 2093 secus,

194 2122 297 2170 neg.
325 2105 599 2168 Responsio
625 2114 762 2169 patet
788 2120 848 2153 ex
871 2104 1032 2153 dictis.
1108 2105 1354 2152 Praeterea
1379 2118 1490 2151 cum
1511 2107 1627 2164 jure

191 2173 397 2220 naturali
425 2173 769 2221 contrahentes
795 2174 928 2221 abuti
957 2172 1161 2237 possint,
1210 2172 1430 2236 Legibus
1473 2170 1628 2220 civili-

189 2239 279 2286 bus
306 2239 445 2303 dirigi
473 2256 531 2288 ac
557 2241 773 2289 coerce‘ri
802 2241 1002 2289 debent.

258 2308 377 2354 Inst.
421 2312 484 2354 3⁰·
520 2308 774 2372 Principes
809 2325 905 2356 non
958 2309 1112 2372 magis
1160 2316 1625 2372 possunt-statuere

191 2372 592 2438 impedimentum
651 2387 822 2424 contra
874 2381 954 2438 jus
988 2387 1192 2433 naturae,
1254 2391 1398 2439 quam
1449 2375 1625 2423 tollere

189 2440 591 2504 impedimentum
652 2444 784 2507 quod
838 2445 900 2492 sit
950 2461 1014 2492 ex
1066 2449 1178 2505 jure
1214 2454 1434 2490 naturaez
1487 2441 1624 2505 atqui

193 2509 445 2583 Principes
470 2527 564 2558 non
591 2523 792 2575 possunt
832 2512 1006 2560 tollere
1044 2511 1448 2575 impedimentum
1489 2510 1627 2574 quod

192 2588 252 2623 sit
278 2592 341 2623 ex
369 2583 481 2638 jure
506 2589 705 2626 naturae.

249 2645 323 2691 R.
372 2646 564 2695 concedo
606 2655 769 2696 totum.
817 2645 1234 2710 Principes-enim
1271 2662 1368 2693 non
1402 2655 1626 2694 statuunt

192 2708 593 2779 impedimentum
632 2725 803 2762 contra
847 2719 928 2776 jus
979 2725 1181 2769 naturae,
1235 2714 1323 2762 sed
1370 2724 1624 2777 apponunt

191 2778 593 2842 impedimentum
618 2780 674 2830 iis
699 2781 747 2829 in
776 2783 968 2830 casibus
1007 2781 1056 2829 in
1098 2782 1270 2844 quibus
1307 2781 1425 2828 nihil
1451 2787 1639 2829 natura

190 2846 502 2911 praescripsit,
541 2858 590 2897 et
615 2865 676 2899 ne
703 2849 809 2915 quis
836 2855 948 2914 jure
974 2860 1160 2899 naturae
1185 2851 1433 2979 abutatigr.
1457 2918 1486 2963 Z
1541 2916 1594 2965 D

709 2955 712 2958 Δ
1405 2950 1418 2963 .
1454 2918 1501 2962 ⁶.
1597 2930 1623 2965 e
