1846 3250
192 87 313 172 *Am
626 161 631 170 .
658 158 661 160 .
733 93 1174 174 TRAc-‘rArus
1193 125 1196 126 f
1214 125 1249 136 ‘¹

216 258 221 272 ²
291 256 482 315 Quaeres
508 260 587 305 50·
637 264 801 304 utrum
849 259 1024 321 possit
1049 264 1244 321 coniux
1272 258 1517 308 innocens
1541 260 1649 324 pri'-

202 334 332 386 Vvata
384 322 677 372 auctoritate
713 323 760 370 in
815 341 963 374 causa
1011 325 1344 376 fornicationis
1390 327 1649 377 divortium

217 391 426 439 facere?
896 415 897 418 ¹
938 420 942 428 ι
1121 424 1123 427 ,

248 459 352 505 R.
414 458 585 508 Potest
634 420 798 520 quoad·
833 459 1043 518 thorum,
1081 461 1229 508 modo
1277 440 1439 509 certus
1477 461 1538 510 sit
1581 461 1649 511 de

219 525 419 586 alteiius
454 525 712 573 adulterio.
759 526 882 574 Sed
919 534 1022 575 non
1058 538 1222 604 potest
1257 528 1447 592 quoad
1463 529 1653 580 habita-

221 593 422 641 tionem.
495 592 621 640 Cum
646 592 775 640 enim
814 610 944 658 saepe
984 596 1293 658 contingeret
1324 605 1406 643 ut
1400 603 1652 660 conjuges

220 659 412 707 levibus
446 658 506 707 de
534 660 691 708 causis
717 670 767 708 et
803 677 914 708 curn
934 678 1119 724 magno
1159 662 1390 711 scandalo
1415 679 1473 711 ac
1498 664 1654 712 socie-

221 726 335 789 tatis
374 726 650 775 turbatione
691 728 980 776 recederent
1021 744 1050 777 a
1085 746 1136 778 se
1173 730 1396 787 invicem,
1434 730 1652 794 Legibus

224 793 472 841 canonicis
519 810 589 841 ac
646 794 866 843 civilibus
914 807 1110 844 cautum
1157 806 1249 844 est
1279 813 1340 845 ne
1392 796 1650 846 divortium

222 862 381 918 fieret,
408 860 498 907 nisi
522 861 652 924 prius
677 862 940 911 accederet
966 864 1230 913 auctoritas
1255 863 1504 921 Judicum,
1530 880 1650 929 quo-

219 945 330 976 rum
368 939 442 976 est
478 938 588 990 post
628 930 914 992 acquisitam
958 930 1169 979 miminis
1210 932 1545 993 probationem
1587 933 1652 981 de

221 996 529 1059 separatione
555 997 721 1058 quoad
742 996 1089 1046 habitationem
1116 1000 1446 1060 pronuntiare.

235 1078 238 1081 ·
297 1064 488 1118 Qaoeres
523 1066 603 1110 60·
641 1079 701 1111 an
744 1069 925 1126 conjux
962 1064 1065 1113 turn
1102 1065 1337 1114 innocens
1377 1076 1478 1113 tum
1522 1082 1649 1124 reus,

221 1132 358 1178 facto
394 1139 593 1193 propter
620 1131 759 1178 unius
784 1134 932 1195 partis
967 1133 1258 1180 adulterium
1285 1133 1507 1190 divortio,
1543 1150 1652 1197 per-

219 1207 422 1273 petuam
449 1213 625 1245 vovere
652 1199 1000 1247 continentiam
1025 1208 1110 1248 aut
1131 1199 1436 1265 Religionem
1462 1216 1651 1249 monas-

221 1265 370 1312 ticam
409 1264 623 1328 profiteri
650 1266 842 1327 possit?
1188 1302 1191 1306 ι

292 1334 354 1380 R.
399 1335 470 1379 1⁰.
505 1332 814 1381 innocentem
840 1332 888 1382 id
927 1344 1085 1398 posse,
1114 1350 1182 1382 eo
1221 1333 1365 1382 etiam
1408 1333 1558 1384 invito
1600 1348 1650 1383 et

218 1400 466 1447 renitente
513 1398 591 1460 qui
641 1413 753 1451 reus
806 1411 897 1459 est,
942 1402 1087 1449 modo
1136 1402 1652 1465 tamen‘praecesserit

222 1467 414 1515 ,Iudicis
442 1467 712 1524 Sententia,
749 1468 852 1516 sine
878 1484 972 1531 qua
994 1469 1043 1516 id
1067 1469 1171 1516 fieri
1196 1469 1382 1531 nequit.

292 1535 354 1582 R.
392 1536 471 1580 20·
525 1539 784 1598 conjugem
824 1552 959 1584 reum
1006 1535 1056 1583 id
1098 1552 1193 1583 non
1242 1552 1412 1600 posses
1438 1535 1651 1599 quandiu

219 1601 456 1649 innocens
474 1605 554 1661 jus
579 1601 755 1650 retinet
781 1602 915 1650 illum
941 1603 1218 1651 revocandi.
1270 1602 1415 1656 Quod
1440 1605 1477 1650 si
1503 1605 1652 1651 inter-

219 1668 409 1716 venerit
435 1667 626 1716 ,judicis
654 1669 911 1724 sententia,
934 1670 1203 1727 mulierem,
1241 1687 1353 1733 mg.
1380 1669 1426 1716 in
1449 1670 1649 1718 M-onas-

222 1735 397 1783 terium
426 1735 781 1783 detrudendam
808 1751 914 1784 esse
941 1736 1175 1797 jubentis,
1194 1758 1196 1760 >
1214 1745 1333 1784 tunc
1362 1736 1652 1784 conce-ditur

218 1802 472 1852 innocenti
508 1801 754 1850 biennium
792 1803 855 1850 ad
891 1803 1256 1851 deliberandum
1284 1819 1344 1850 an
1381 1804 1498 1851 velit
1533 1819 1650 1851 con-

211 1875 385 1933 jugem
414 1885 675 1925 revocare3
709 1870 939 1934 factaque
964 1870 1088 1918 intra
1113 1870 1232 1917 illud
1261 1870 1506 1919 biennium
1533 1887 1649 1918 con-

210 1938 345 2000 jugis
370 1936 578 1985 adulteri
608 1936 852 1985 Professio
876 1938 1086 1985 invalida
1111 1947 1215 1993 est3
1247 1939 1335 1985 sed
1366 1937 1488 1992 haec,
1529 1954 1649 2000 prae-

217 2005 322 2051 fato
359 2014 579 2067 ternpore
611 2004 795 2067 elapso,
833 2020 927 2053 nec
968 2015 1199 2053 revocato
1228 2010 1454 2067 conjuge,
1492 2003 1649 2052 valide

219 2073 325 2118 fieri
361 2082 537 2134 potest.
608 2072 685 2119 Ita
708 2071 885 2119 statuit·
903 2076 986 2134 jus
1010 2073 1173 2132 civile,
1205 2073 1336 2137 quod
1354 2077 1475 2134 -jure
1501 2087 1645 2126 cano-

218 2139 333 2187 nico
358 2139 527 2187 nullibi
552 2139 839 2204 abrogatum
867 2149 957 2188 est.

546 2271 630 2321 De
659 2281 773 2323 ,voto
805 2274 1037 2323 castitatis
1059 2281 1317 2340 perpetum

290 2409 486 2464 'Quaeres
533 2422 593 2455 an
621 2411 868 2470 *conjuges
904 2408 1152 2457 servandae
1194 2405 1429 2456 castitatis
1471 2405 1646 2455 intuitu

221 2487 392 2523 mutuo
419 2491 660 2532 consensu
683 2476 896 2538 separari
919 2475 1140 2538 possint?

241 2556 245 2577 2
290 2542 353 2590 R..
395 2545 469 2588 10·
506 2551 692 2590 certum
737 2558 844 2589 esse
881 2548 1115 2605 conjuges
1150 2542 1294 2590 etiam
1336 2551 1446 2605 post
1485 2539 1648 2588 matri-

222 2609 438 2656 monium
478 2620 866 2658 consummatum
907 2625 1050 2672 posse
1092 2626 1153 2656 ex
1195 2619 1363 2656 mutuo
1406 2623 1656 2656 consensuv

226 2674 462 2723 castitatis
488 2691 651 2723 amore
697 2686 746 2724 et
784 2676 1037 2724 sanctioris
1078 2673 1423 2731 vitaevintuitu,
1484 2675 1647 2739 quoad

221 2742 430 2791 thorum
453 2742 687 2805 separari.
756 2743 836 2791 Ita
870 2759 1102 2806 expresse
1143 2743 1194 2791 S.
1222 2741 1524 2807 Augustinus
1561 2741 1644 2789 lib.

228 2815 271 2857 1.
282 2810 356 2857 de
384 2809 538 2873 Nupt.
563 2820 613 2858 et
640 2810 860 2874 Concup.
884 2826 928 2858 c.
956 2814 1036 2857 1.]

285 2878 339 2925 2.
377 2876 548 2935 Potest
596 2886 799 2939 uterque
849 2882 1026 2939 conjux
1078 2893 1142 2926 ex
1192 2886 1362 2926 mutuo
1404 2890 1653 2925 consensu.

234 2960 236 2963 ·
1492 2943 1637 2991 vitam
