1846 3250
523 151 619 200 DE
658 148 1159 208 MATRIMONIO.
1457 148 1558 203 301„

130 297 293 351 potest
317 286 529 335 validum
555 286 677 343 fieri,
713 284 803 333 nisi
850 300 1004 331 novus
1044 282 1252 333 aecedat
1294 282 1558 346 conjugum

131 368 395 419 consensus
416 376 428 411 ;
461 364 671 410 secreto,
709 353 747 400 si
773 367 908 400 error
929 351 1078 399 fuerit
1101 360 1342 406 secretus;
1367 351 1413 397 in
1433 350 1563 399 facie

130 439 248 470 vero
274 421 527 479 Ecclesiae,
562 420 600 468 si
643 437 778 468 error
819 419 1040 467 notorius
1078 419 1139 467 sit
1181 429 1232 467 et.
1269 418 1317 465 in
1341 419 1449 467 foro
1475 433 1562 468 ex·-

130 490 295 538 teriori
320 488 514 553 probari
540 488 708 553 possit.
920 486 923 492 '
1344 497 1347 498 ’

207 558 323 605 Dico
363 560 441 604 20·
491 573 705 605 errorem
765 553 1012 620 qualitatis
1069 565 1154 603 aut
1207 553 1562 604 fortunaenon

128 624 316 673 irritare
352 624 728 683 matrimonium.
815 623 962 671 Ratio
1005 632 1078 669 est
1121 621 1234 686 quia
1257 632 1421 670 manet
1448 639 1563 671 con·

129 708 299 740 sensus
318 692 364 739 in
392 708 647 756 personam
685 708 794 755 quae
834 689 1114 754 primarium
1157 700 1233 737 est
1267 690 1561 738 matrimonii

133 761 412 822 objectum3
449 776 583 809 error
623 760 752 808 eni-m
793 759 876 806 ille
918 774 997 806 res
1020 766 1206 806 tantum
1233 757 1563 808 accidentales

133 828 348 892 respicit,
385 844 481 876 non
517 828 671 892 ipsam
707 831 963 890 personam
1000 842 1106 888 quae
1148 841 1262 873 vere
1305 825 1353 872 in
1397 832 1564 889 conju-

134 895 267 959 gium
304 897 580 944 assumitur.
674 897 767 951 Sic,
802 894 957 957 inquit
997 894 1046 942 S.
1096 893 1326 950 Thomas,
1363 894 1407 942 si
1462 896 1565 961 quis

135 964 295 1012 emerit
318 981 488 1028 agrum
512 980 640 1029 quem
659 963 861 1028 putabat
884 979 979 1010 esse
1015 961 1314 1017 uberrimum,
1357 964 1565 1027 quamvis

134 1039 315 1079 erraret
340 1033 388 1079 in
415 1032 642 1097 qualitate
665 1048 836 1087 rerum,
872 1046 972 1077 tem
1006 1030 1158 1077 minus
1169 1028 1389 1092 fenilem
1413 1047 1563 1078 emen·

135 1099 211 1155 do,
247 1116 340 1147 non
358 1106 511 1163 potest
535 1106 688 1147 tamen
711 1098 1018 1147 venditionem
1042 1097 1318 1146 rescindere.
1361 1117 1362 1120 ¹

206 1166 503 1229 Excipiendi
528 1176 641 1214 sunt
683 1175 843 1214 tamen
880 1166 982 1213 duo
1025 1181 1183 1223 casus,
1216 1168 1289 1212 10·
1326 1164 1363 1212 si
1403 1181 1567 1214 errans

140 1234 394 1295 contrahat
419 1250 530 1281 cum
556 1250 791 1296 expressa
814 1232 1094 1281 conditione
1134 1232 1380 1297 qualitatis
1406 1254 1418 1289 ς
1454 1234 1568 1298 quia

139 1311 423 1349 contractus
448 1302 806 1358 conditionalis,
833 1301 1095 1349 deficiente
1121 1301 1420 1358 conditione,
1465 1302 1572 1349 nul-

140 1370 214 1416 lus
241 1380 330 1417 est.
368 1371 430 1416 2⁰·
469 1369 521 1417 si
562 1385 696 1418 error
733 1368 978 1432 qualitatis
1009 1368 1253 1416 redundat
1279 1368 1325 1415 in
1353 1384 1568 1417 errorem

141 1451 392 1499 persouae;
432 1447 485 1484 ut
526 1437 564 1484 si
605 1437 711 1499 quis
750 1437 960 1484 intendit
1001 1436 1294 1484 contra-here
1337 1453 1448 1484 cum
1473 1437 1572 1486 filia

142 1515 188 1551 et
216 1505 412 1552 haerede
438 1505 558 1553 certi
586 1504 805 1561 Comitis,
829 1521 936 1568 quae
962 1515 1123 1551 tamen
1150 1520 1242 1551 nec
1268 1504 1329 1552 sit
1354 1503 1458 1551 filia*
1476 1520 1571 1553 nec

142 1572 296 1620 liaeres
320 1572 447 1620 illius
474 1572 704 1628 Comitis;
740 1573 816 1630 vel
860 1572 898 1618 si
941 1570 1045 1633 quis
1087 1572 1378 1619 contr-ahere
1403 1573 1573 1620 vo-len's

144 1655 255 1687 cum
281 1640 380 1687 filia
409 1641 557 1704 Regis
584 1651 701 1687 natu
732 1644 912 1701 majore
956 1650 1003 1687 et
1046 1639 1207 1701 Regni
1233 1639 1426 1686 haerede
1452 1657 1573 1704 prae-
1642 1660 1647 1662 “

142 1717 350 1770 sumpta,
389 1707 633 1755 contrahit
669 1717 832 1755 tamen
883 1723 994 1754 cum
1046 1718 1163 1754 natu
1218 1707 1404 1755 minore
1512 1709 1573 1755 In

141 1774 244 1821 istis
280 1776 471 1822 casibus
494 1775 693 1822 'nullum
731 1786 805 1822 est
843 1774 1221 1831 matrimonium,
1272 1774 1389 1838 quia
1438 1791 1573 1823 error

144 1841 274 1902 circa
300 1843 584 1905 qualitatem
612 1843 784 1890 transit
807 1841 854 1887 in
882 1858 1094 1888 errorem
1121 1858 1356 1904 personae.
1380 1862 1383 1865 s
1443 1843 1571 1895 Nam

145 1924 410 1957 consensus
435 1926 532 1956 non
566 1909 721 1957 fertur
760 1909 808 1954 iu
850 1925 1105 1971 personam
1143 1921 1446 1972 praesentem.
1485 1911 1571 1959 sed

144 1977 194 2023 in
240 1977 381 2024 aliam
420 1978 671 2025 absentem
710 1986 760 2024 et
818 1977 978 2023 animo
1023 1988 1315 2040 conceptam
1362 1980 1452 2026 sub
1490 1980 1575 2027 tali

144 2043 397 2106 qualitate.
732 2066 739 2069 ⁷>

352 2179 435 2228 De
469 2179 796 2246 impedimento
845 2177 1143 2229 conditionis
1179 2181 1374 2231 servilis.

220 2305 374 2361 Error
394 2314 687 2363 conditionis
710 2314 792 2364 ille
818 2324 891 2363 est
917 2331 1013 2377 quo
1055 2315 1168 2380 quis
1193 2327 1369 2380 putans
1394 2317 1578 2367 ducere

148 2380 394 2441 Liberam,
430 2383 568 2430 ducit
596 2384 812 2441 Servam,
859 2383 1054 2446 gallice,
1099 2383 1307 2433 Est-lave.
1398 2386 1578 2435 Servus

150 2449 327 2503 dicitur
372 2451 455 2498 ille
498 2451 578 2514 qui
623 2451 693 2498 sic
731 2462 808 2499 est
849 2451 938 2497 sub
978 2461 1224 2513 potestate
1269 2453 1486 2511 Domini,
1526 2466 1580 2503 ut

152 2515 287 2564 illum
339 2518 491 2581 possit
543 2519 706 2567 locare
756 2519 830 2567 vel
880 2518 1113 2576 vendere,
1166 2521 1579 2583 quemadmodum

155 2584 385 2632 usitatum
422 2585 535 2632 olim
571 2586 663 2634 fuit
700 2586 829 2649 apud
886 2586 1152 2642 Romanos,
1214 2598 1264 2635 et
1312 2588 1580 2638 etiamnum

152 2651 282 2715 apud
308 2652 510 2700 Turcas.
581 2654 727 2702 Unde
747 2654 933 2702 Famuli
957 2655 1108 2717 nostri
1129 2665 1185 2703 xet
1211 2657 1486 2706 Domestici
1522 2675 1581 2707 eo

92 2783 96 2786 1
154 2735 297 2767 sensu
335 2735 431 2767 non
467 2731 579 2768 sunt
618 2722 771 2769 Servi.
866 2723 992 2770 Cum
1044 2727 1196 2770 status
1252 2725 1498 2774 servitutis
1531 2727 1583 2773 in

154 2787 310 2836 hocce
351 2787 525 2851 Regno
573 2792 674 2849 jam
710 2789 873 2837 locum
922 2805 1021 2838 non
1063 2790 1257 2846 habeat,
1294 2794 1581 2857 ‘statimque

152 2855 428 2904 iibertatem
470 2866 730 2919 recuperet
774 2857 953 2906 Servus
997 2858 1079 2922 qui
1123 2859 1335 2920 Galliam
1368 2860 1580 2916 intravit,

72 2923 88 2937 ⁴
153 2923 264 2972 ideo
317 2938 479 2989 pauca
533 2922 600 2972 de
654 2922 1006 2990 impedimento
1066 2927 1357 2976 conditionis
1416 2944 1583 2988 sumus

1321 3042 1323 3045 Α
1380 2995 1585 3045 Constat
