1846 3250
532 200 628 254 DE
661 202 1162 254 MATRIMONIO.
1482 208 1586 257 369
1610 219 1617 229 '

232 341 286 393 Si
318 338 533 393 conditio
569 339 791 397 honesta,
826 338 888 386 sit
945 338 1009 387 de
1050 337 1218 387 futuro
1264 337 1587 403 contingenti,

160 422 279 460 tunc
336 406 664 470 suspenditur,
724 422 817 455 nec-
882 405 1134 470 perficitur
1198 407 1588 467 Sacramentum,

162 478 320 530 donec
345 475 602 537 impleatur
627 473 860 530 conditio,
899 483 952 523 ut.
987 472 1211 532 ‚definivit
1238 475 1468 523 Urbanus
1492 475 1591 524 111.

163 561 206 592 c.
233 548 279 591 5.
305 542 367 589 de
395 540 784 601 Conditionibus.
857 540 1068 593 Quidam
1094 551 1259 588 tamen
1284 541 1399 590 huic
1424 544 1590 591 matri-‘-

164 610 326 660 monio
349 609 483 658 valor
508 608 649 666 inest,
693 607 806 671 quia
830 623 889 656 eo
914 607 984 654 sie
1012 608 1261 663 celebrato
1280 620 1454 658 neuter
1473 626 1590 658 con.

163 677 460 731 trahentium
486 686 600 725 ante
626 686 854 723 eventum
881 673 1190 732 conditionis,
1232 677 1388 725 altero
1421 677 1590 736 invito,

163 744 347 797 resilire
373 753 550 808 potest.
602 742 653 791 Si
674 753 835 791 tamen
857 742 1203 790 contrahentes
1228 752 1341 792 ante
1361 755 1591 793 eventum

166 811 457 863 conditionis
501 826 788 859 consensum
816 809 1170 868 revocaverint,
1197 811 1272 858 vel
1299 811 1423 860 alter
1450 812 1594 862 alteri

164 880 398 943 nupserit,
436 878 618 927 corruit
653 875 785 925 illico
822 876 1196 924 matrimonium.
1293 878 1470 926 Neutri
1525 889 1597 928 ta·

167 963 278 995 men
304 946 420 996 licet
445 945 630 993 resilire
654 946 759 991 sine
783 944 927 1005 justis
954 944 1110 990 causis
1135 960 1245 1008 quae
1270 944 1473 993 diversae
1497 962 1598 994 non

164 1024 278 1063 sunt
302 1014 362 1061 ab
386 1013 444 1060 iis
470 1029 577 1075 quae
621 1011 684 1060 ad
722 1011 1090 1059 dissolutionem
1133 1013 1430 1075 sponsalium
1466 1013 1597 1062 suffi-

167 1081 316 1130 ciunt.

180 1198 181 1201 ,
235 1149 336 1196 Hic
373 1146 576 1211 quaestio
612 1155 836 1194 movetur
873 1154 1052 1203 utrum,
1090 1144 1383 1196 adveniente
1426 1147 1597 1200 condi-

165 1215 314 1273 tione,
351 1215 514 1263 statim
549 1213 711 1265 valeat
746 1213 1103 1260 matrimonium
1158 1213 1263 1262 sine
1310 1231 1439 1264 novo
1481 1232 1597 1264 con-

165 1299 328 1337 sensu,
362 1298 425 1336 an
450 1297 567 1329 vero
592 1297 744 1334 novus
784 1296 1050 1329 consensus
1087 1281 1380 1344 requiratur,
1417 1298 1477 1331 an
1526 1283 1598 1330 in·
1642 1338 1645 1340 ‚

167 1366 315 1414 super
353 1365 517 1398 coram
562 1348 784 1396 Parocho
823 1358 873 1396 et
915 1348 1120 1396 testibus
1160 1349 1380 1397 renovari
1417 1350 1598 1403 debeat

165 1418 249 1467 ille
275 1432 555 1466 consensus.
593 1415 844 1479 Quidquid
864 1415 941 1474 sit,
961 1431 1070 1478 pars
1091 1416 1239 1463 tutior
1260 1427 1333 1465 est
1352 1416 1597 1481 eligenda,

165 1500 226 1533 ac
252 1484 456 1548 proinde
482 1499 634 1531 novus
677 1499 942 1531 consensus
985 1499 1148 1531 coram
1176 1485 1400 1533 Parocho
1426 1496 1474 1534 et
1500 1496 1598 1535 tes-

168 1553 297 1601 tibus
322 1551 539 1615 praestari
564 1550 729 1598 debet.

237 1622 315 1666 20·
354 1618 403 1668 Si
430 1617 647 1666 conditio
671 1617 1030 1674 sitinhonesta,
1073 1580 1175 1664 vel
1192 1627 1380 1681 pugnet
1426 1627 1599 1668 contra

169 1685 487 1737 substantiam
524 1683 832 1741 matrimonii,
870 1700 1058 1761 nempe
1073 1695 1246 1733 contra
1282 1685 1447 1743 fidem,
1485 1703 1597 1751 pro-

168 1755 282 1811 lem,
316 1762 364 1801 et
394 1751 903 1807 indissolubilitatem3
938 1751 987 1798 in
1021 1752 1196 1814 quibus
1227 1754 1448 1819 consistit
1483 1757 1597 1808 sub·

168 1820 347 1869 stantia
372 1818 695 1875 matrimonii,
713 1836 755 1865 v.
781 1836 828 1881 g.
856 1818 985 1866 duco
1012 1829 1076 1875 te,
1104 1819 1146 1866 si
1162 1837 1252 1883 pro
1267 1829 1446 1885 quaestu
1463 1821 1599 1870 adul·

169 1888 413 1938 terandam
450 1895 496 1935 te
529 1886 695 1943 tradis,
730 1887 773 1934 si
809 1885 966 1947 prolis
998 1886 1351 1950 generationem
1392 1888 1521 1946 vites,
1558 1890 1600 1938 si

170 1955 289 2005 nolis
312 1970 486 2002 mecum
511 1955 559 2000 in
579 1959 852 2016 perpetuum
876 1953 1194 2001 contrahere·
1172 1973 1194 2009 ‚·
1239 1955 1315 2000 vel
1353 1970 1448 2002 non
1473 1972 1599 2020 pug-

172 2032 256 2071 nat
282 2031 453 2069 contra
476 2019 793 2068 substantiam
819 2019 1127 2076 matrimonii,
1164 2020 1282 2068 licet
1324 2017 1480 2085 turpis
1521 2024 1599 2081 sit,

171 2105 214 2134 v.
232 2105 289 2151 g.
323 2087 546 2136 contraho
581 2094 724 2135 tecum
761 2104 815 2134 ea
867 2087 1128 2136 conditione
1180 2095 1234 2135 ut
1268 2089 1434 2137 motum
1448 2090 1600 2154 furto
1669 2105 1677 2111 ·

171 2171 374 2221 quaeras.
447 2154 497 2203 Si
528 2158 568 2202 1.
594 2153 857 2201 invalidum
901 2164 975 2201 est
1014 2153 1376 2220 matrimonium
1401 2172 1465 2204 ex
1492 2172 1600 2220 cap.

176 2225 228 2272 Si
250 2222 551 2277 conditzones,
588 2220 650 2268 de
694 2219 1067 2268 Conditionibus
1106 2215 1356 2284 appositis.
1450 2224 1601 2273 Ratio

170 2289 382 2351 apriori
419 2298 493 2336 est
529 2287 642 2350 quia
676 2287 793 2333 nihil
844 2298 1007 2349 potest
1058 2288 1163 2336 sine
1205 2289 1477 2340 substantia
1510 2307 1600 2340 sua

171 2339 449 2404 subsistere.
522 2355 571 2403 Si
631 2357 676 2402 2.
719 2354 848 2402 valet
897 2355 1271 2413 matrimonium,
1332 2357 1447 2420 quia
1483 2374 1601 2406 con-

171 2421 470 2483 ditioturpis
508 2421 819 2478 matrimonio
857 2421 1053 2484 adjecta
1092 2423 1259 2470 incitat
1299 2424 1361 2470 ad
1391 2439 1600 2486 peccan-

171 2490 307 2547 dum,
364 2487 669 2552 proindeque
709 2488 938 2537 habenda
982 2503 1072 2551 pro
1129 2489 1444 2551 impossibili;
1486 2508 1598 2541 cum

172 2556 224 2606 id
257 2556 414 2608 solum
452 2555 687 2618 possimus
737 2555 870 2619 quod
919 2560 1030 2618 jure
1079 2571 1352 2618 possumus.
1422 2558 1602 2609 -Porro

174 2622 391 2671 conditio
425 2621 733 2684 impossibilis
788 2638 876 2684 pro
926 2639 1021 2670 non
1057 2623 1251 2684 adjecta
1283 2624 1509 2688 habetur,
1546 2638 1602 2676 ut

172 2690 352 2754 legitur
402 2704 509 2752 cap.
550 2690 604 2738 Sz
642 2690 943 2747 conditiones,
982 2673 1044 2737 de
1087 2690 1461 2741 Conditionibus
1513 2709 1599 2757 ap-

172 2757 360 2819 positis.
433 2757 547 2805 Hoc
582 2766 746 2805 autem
782 2756 836 2805 fit
871 2755 919 2803 in
952 2755 1169 2806 favorem
1205 2759 1513 2820 matrimonii,
1550 2771 1602 2810 et

173 2822 463 2887 supponitur
497 2824 545 2870 in
581 2839 641 2871 eo
678 2840 794 2872 casu
838 2840 1003 2872 verum
1039 2825 1253 2875 adtuisse
1288 2843 1599 2876 consensum.

177 2891 228 2940 Si
254 2901 416 2941 tamen
441 2905 584 2941 verus
606 2906 704 2941 non
740 2890 914 2941 fuisset
952 2907 1236 2954 consensuS‚
1271 2893 1312 2942 si
1350 2904 1602 2945 constaret

1472 2961 1601 3011 hanc
