1846 3250
243 194 306 239 34
709 188 1135 238 TRACTATUS

240 343 349 377 ium
370 326 586 390 quamvis
605 324 770 372 isthaec
794 325 957 388 opinio
981 324 1041 372 ad
1068 335 1353 389 praesentem
1380 338 1657 376 controver-

241 395 359 443 siam
384 393 700 442 dirimendam
726 394 786 440 sit
811 394 952 441 valde
977 394 1249 452 commoda,
1286 411 1380 442 non
1406 396 1516 443 ideo
1542 412 1657 444 vera

240 473 330 519 est,
368 478 460 510 nec
497 461 652 509 minus
687 461 965 523 rejicienda,
1004 473 1056 509 ut
1092 463 1459 525 comprobatum
1495 474 1569 512 est
1605 465 1654 511 in

240 531 413 580 eodem
442 529 675 578 Tractatu
700 530 763 577 de
790 530 1113 578 Sacramentis
1137 531 1186 578 in
1210 545 1407 594 genere.

307 599 475 647 Tertia
498 599 739 646 sententia
763 608 836 646 est
860 599 1070 646 Haberti
1094 598 1141 645 in
1169 599 1334 663 Opere
1361 599 1437 646 cui
1464 599 1650 657 titulus,

240 667 458 733 Origines
492 666 822 724 ecclesiasticae,
864 684 907 715 c.
932 670 1014 714 20.
1065 668 1148 731 qui
1185 667 1435 718 contendit
1471 668 1651 716 nullam

235 734 486 783 materiam
523 751 618 782 nec
652 734 857 782 formam
898 734 960 783 ad
1003 734 1372 784 ordinationem
1413 737 1652 793 sufficere,

233 803 323 851 nisi
348 803 612 852 accesserit
641 802 876 851 Ecclesiae
901 819 1180 851 consensus.
1250 804 1397 853 Unde
1423 806 1527 852 vult
1556 805 1653 852 Or-

234 872 531 920 dinationem
567 871 778 919 numeris
806 871 1027 919 omnibus
1051 873 1320 921 absolutam
1346 868 1545 922 defectu
1570 889 1655 936 ap-

225 940 530 1005 probationis
561 939 798 987 Ecclesiae
836 940 1014 988 nullam
1040 957 1099 993 ac
1135 940 1316 988 irritam
1352 940 1457 989 fieri
1492 957 1651 1005 posse.

219 1004 369 1063 ·Huic
391 1007 957 1075 systematisuffragatur
982 1008 1039 1055 P.
1074 1011 1146 1057 Le
1169 1010 1424 1075 Courc'zyer,
1442 1019 1574 1071 part.
1602 1011 1650 1055 2.

232 1077 441 1126 Dissert.
469 1076 532 1126 de
558 1076 822 1124 Validitate
848 1076 1071 1125 Ordinat.
1108 1078 1305 1140 An‘glic.
1329 1093 1374 1125 c.
1405 1081 1483 1126 15.

299 1148 487 1201 Quarta
526 1145 769 1194 sententia
805 1145 897 1192 fuit
922 1145 1166 1192 Harduini
1205 1144 1293 1192 viri
1333 1146 1463 1193 omni
1503 1161 1647 1193 sensu

227 1213 501 1279 singularis,
527 1214 609 1276 qui
626 1214 682 1260 in
699 1213 1064 1267 Dissertatione
1089 1214 1151 1261 de
1174 1213 1485 1261 successione
1505 1213 1649 1276 Epis-

231 1282 690 1350 coporumlAnglic.
727 1291 897 1329 contra
922 1282 977 1330 P.
1015 1283 1087 1330 Le
1114 1281 1358 1346 Com-ssyer
1380 1283 1527 1330 docet
1552 1283 1646 1330 Or-

227 1351 485 1399 dinationis
503 1349 750 1398 materiam
771 1366 799 1397 a
812 1350 1007 1397 Christo
1026 1350 1293 1398 institutam
1312 1349 1475 1406 fuisse,
1502 1350 1644 1399 aliam

227 1419 424 1484 quidem
466 1419 529 1467 ad
554 1435 692 1465 usum
720 1417 1007 1465 Occidentis
1032 1435 1136 1481 quae
1163 1419 1310 1466 Petro
1349 1417 1526 1467 tradita
1565 1418 1644 1475 sit,

210 1487 458 1536 ·videlicet
483 1486 876 1535 chrismationem
912 1498 961 1534 et
992 1486 1419 1534 instrumentorum
1446 1502 1645 1548 porrec-

213 1557 439 1612 vtionem3
485 1555 627 1603 aliam
652 1570 766 1601 vero
791 1553 854 1601 ad
880 1570 1017 1601 usum
1046 1554 1279 1606 Orientis,
1315 1570 1416 1615 quae
1443 1554 1556 1601 data
1580 1553 1643 1600 sit

225 1624 379 1672 Paulo
432 1632 543 1688 post
588 1638 816 1669 manuum
874 1621 1230 1684 impositionem
1276 1621 1415 1674 Idem
1474 1631 1641 1669 censet

149 1738 152 1739 γ
225 1692 446 1756 Scriptor
466 1690 549 1738 ille
569 1689 632 1738 de
653 1689 810 1737 forma
834 1689 1044 1739 materiae
1061 1689 1187 1737 illius
1209 1690 1506 1738 Sacramenti
1534 1706 1641 1738 cor-

223 1759 568 1823 respondente.

290 1827 474 1882 Quinta
496 1825 736 1875 sententia
761 1841 928 1872 eorum
954 1834 1028 1871 est
1052 1824 1133 1889 qui
1153 1841 1380 1874 manuum
1404 1824 1638 1888 impositi-

222 1913 364 1945 onem
390 1896 531 1944 simul
557 1905 606 1942 et
638 1892 995 1957 porrectionem
1028 1892 1454 1943 instrumentorum
1494 1894 1640 1944 Ordi-

221 1964 428 2012 nationis
464 1962 713 2011 mat-eriam
753 1978 858 2009 esse
888 1961 1071 2020 volunt,
1109 1962 1310 2009 formam
1344 1978 1461 2009 vero
1494 1962 1638 2009 orati-

222 2049 341 2081 ones
364 2031 558 2096 utrique
583 2031 652 2076 illi
669 2029 856 2077 -actioni
880 2031 1336 2094 correspondentes.
1405 2026 1492 2078 Isti
1522 2046 1637 2078 vero

205 2116 317 2148 non
343 2100 518 2148 eodem
543 2098 688 2145 modo
712 2114 813 2144 rem
834 2097 1100 2160 explicant.
1150 2098 1357 2151 Quidam
1384 2098 1511 2147 enim
1537 2115 1637 2146 ma-

220 2185 370 2216 nuum
395 2167 750 2231 impositionem
779 2164 1082 2226 distinguunt
1106 2166 1166 2212 ab
1191 2165 1295 2229 ipsa
1319 2167 1511 2214 actione
1537 2183 1633 2229 qua

207 2237 536 2301 ‘porriguntur
559 2234 892 2289 instrumenta,
930 2233 1010 2280 alii
1035 2249 1149 2280 vero
1176 2234 1510 2289 confundunt3
1552 2234 1633 2281 alii

220 2304 578 2369 porrectionem
615 2301 1041 2349 instrumentorum
1076 2316 1105 2348 a
1138 2301 1331 2349 Christo
1365 2300 1633 2359 institutam

220 2389 328 2421 esse
371 2371 666 2427 existimant,
703 2369 783 2417 alii
821 2378 984 2416 autem
1025 2384 1121 2415 non
1147 2385 1176 2415 a
1213 2370 1421 2424 Christo,
1459 2369 1544 2416 sed
1569 2370 1630 2416 ab

221 2439 463 2497 Ecclesia,
490 2444 638 2501 juxta
665 2447 956 2502 potestatem
982 2436 1025 2483 ei
1051 2452 1350 2493 concessam,
1385 2437 1627 2484 invectam

202 2523 322 2557 resse
345 2508 619 2571 opinantur.
1604 2544 1608 2547 .

288 2576 480 2641 Sylvius
516 2588 744 2622 manuum
779 2570 1071 2636 impositioni
1111 2586 1169 2618 ac
1203 2569 1630 2620 instrumentorum

217 2642 530 2709 porrectioni‚
584 2641 756 2704 capitis
801 2656 860 2687 ac
906 2655 1133 2686 manuum
1177 2639 1455 2688 unctionem
1496 2640 1628 2704 apud

201 2710 420 2760 ·Latinos
442 2709 759 2775 probabiliter
782 2707 928 2768 adjici
949 2723 1090 2770 posse
1116 2706 1352 2754 decernit.
1401 2752 1408 2757 .

286 2772 440 2827 ¹Sexta
472 2776 713 2825 sententia
736 2791 824 2840 pro
847 2773 1089 2823 essentiali
1115 2774 1445 2822 Ordinationis
1476 2784 1627 2824 mate-

198 2847 289 2896 ·ria-
310 2847 459 2895 solam
479 2843 696 2909 agnoscit
719 2843 1143 2891 instrumentorum
1168 2843 1542 2906 porrectionem,
1568 2860 1625 2892 ac

218 2933 307 2980 pro
331 2915 486 2962 t'orma
508 2927 652 2960 voces
678 2910 722 2959 ei
747 2909 1198 2972 correspondentes.

232 3010 235 3013 ·
268 2982 505 3047 ›Septima
529 2979 723 3030 tandem
754 2977 994 3038 sententia
1016 2977 1185 3027 statuit
1208 2979 1360 3028 solam
1395 2993 1628 3033 manuum·

1271 3044 1622 3110 impositionem

621 3097 641 3116 O
