1846 3250
675 196 781 244 ΒΕ.
809 195 1100 245 ORDINE.
1499 185 1588 244 16¹?

262 334 309 380 Si
343 331 559 381 secunda
605 331 843 380 sententia
881 333 1024 388 valet,
1060 330 1319 379 dicendum
1363 339 1460 379 est>
1492 328 1593 392 qui-

192 401 302 448 dem
339 400 577 463 simplices
616 399 905 448 Sacerdotes
942 400 1161 448 Concilio
1186 397 1593 463 Jerosolymitano

192 468 480 525 inter-fuisse,
516 467 603 516 sed
627 480 723 515 non
742 478 794 514 ut
819 467 1054 515 habentes
1078 484 1106 515 a
1133 467 1325 516 Christo
1341 465 1593 529 judicandi

192 546 500 599 potestatem,
557 553 721 584 verum
769 535 1007 583 duntaxat
1065 545 1132 582 ut¹
1178 538 1486 583 consulerent
1545 544 1595 581 et

191 606 531 667 approbarent,
567 604 734 668 sicque
762 604 921 651 omnia
955 603 1199 651 communi
1235 603 1442 650 concilio
1466 612 1594 651 trac-

188 681 418 720 tarentur.

258 740 314 786 In
364 740 506 788 tertia
560 739 800 788 sententia
848 738 1044 787 diluitur
1079 738 1351 795 difficultas,
1388 738 1596 786 dicendo

185 807 420 868 ⁸iudicium
458 807 592 855 Fidei
634 808 764 872 quod
804 809 851 854 in
878 824 936 855 eo
963 807 1182 856 Concilio
1223 806 1372 853 latum
1409 816 1498 863 est,
1534 806 1597 852 ad

191 877 318 924 solos
360 875 625 940 Episcopos
661 893 766 924 esse
812 876 1133 924 referendum.
1204 873 1439 922 Nimirum
1490 890 1597 938 quae

192 944 372 991 nomini
399 944 639 992 communi
666 944 981 1007 assignantur,
1019 943 1081 991 ad
1106 959 1187 991 eos
1223 943 1350 989 solos
1375 942 1599 1004 restringi

192 1012 381 1060 debent
413 1013 586 1075 quibus
623 1022 935 1076 competunt:
970 1011 1040 1059 sic
1083 1011 1203 1059 cum'
1240 1010 1444 1074 legimus
1488 1010 1600 1057 Cle-

192 1095 297 1126 rum
325 1080 628 1127 Gallicanum
653 1079 701 1126 in
724 1080 822 1128 suis
866 1079 1084 1129 Comitiis
1107 1080 1169 1126 de
1194 1078 1601 1144 propositionibus

196 1147 330 1195 Fidei
348 1147 610 1209 judicasse,
636 1165 811 1195 nomen
835 1147 981 1205 istud,
1026 1145 1206 1206 Clerus,
1243 1148 1373 1212 quod
1402 1146 1603 1211 Episco-

193 1216 266 1279 pis
309 1227 358 1263 et
405 1216 720 1281 Praesbyteris
766 1232 1021 1264 commune
1069 1226 1158 1272 est,
1194 1227 1313 1264 tunc
1359 1215 1418 1263 ad
1471 1215 1601 1263 solos

195 1282 465 1346 Episcopos
489 1284 807 1347 restringitur,
846 1284 1185 1348 quiaipsorum
1203 1285 1415 1332 solorum
1441 1294 1514 1332 est
1539 1282 1601 1329 de

196 1353 341 1399 rebus
366 1351 500 1400 Fidei
518 1352 756 1413 judicare.

268 1419 488 1467 Paeterea
523 1421 586 1467 ad
625 1420 743 1468 illud
786 1389 1055 1470 Concilium
1092 1430 1325 1468 vocantur
1367 1436 1463 1467 non
1500 1430 1603 1467 tan·

197 1496 304 1535 tum
347 1488 658 1552 Praesbyteri,
690 1488 776 1536 sed
811 1489 951 1537 simul
974 1488 1181 1536 universi
1207 1487 1416 1543 Fideles,
1451 1504 1496 1535 v.
1528 1489 1603 1535 1⁶2.

200 1556 389 1605 Auditis
427 1557 566 1604 Petri
603 1556 765 1612 verbiS,
799 1557 950 1605 tacuit>
977 1557 1120 1604 omnis
1155 1556 1415 1621 multitude,
1449 1571 1494 1601 v.
1521 1556 1601 1601 22.

191 1624 370 1688 placuit
408 1623 650 1689 Apo-stolis*
670 1632 713 1671 et
753 1624 1029 1673 'Senioribus
1061 1641 1163 1672 cum
1210 1623 1332 1672 omni
1375 1622 1604 1672 Ecclesia.

199 1692 313 1739 Non
354 1701 513 1755 potest
556 1702 715 1739 tamen
753 1691 866 1739 inde
914 1692 1140 1739 concludi
1177 1701 1326 1739 totam
1366 1691 1604 1738 Fidelium

197 1759 554 1807 multitudinem
584 1759 844 1821 Judicasse.
914 1760 1045 1822 Ergo
1093 1775 1185 1818 nec
1227 1759 1395 1806 *inferri
1445 1769 1607 1824 potest

196 1827 440 1891 simplices
464 1828 795 1893 Praesbyteros
820 1843 915 1874 non
939 1843 1080 1875 secus
1105 1824 1163 1875 ac
1189 1828 1459 1891 Episcopos
1502 1838 1605 1875 tana

197 1911 340 1958 quam
388 1895 590 1944 ,Iudices
620 1897 672 1942 in
718 1896 811 1943 hac
850 1895 985 1942 Fidei
1033 1895 1362 1943 controversia
1406 1895 1605 1943 sedisse.

197 1963 304 2009 Imo
346 1963 638 2010 contrarium
680 1964 840 2026 potius
881 1980 942 2010 ex
987 1979 1126 2011 sacro
1160 1974 1303 2011 textu
1344 1962 1605 2027 colligitur,

200 2045 311 2077 cum
363 2029 542 2078 referat
593 2032 642 2079 S.
690 2030 852 2078 Lucas
908 2032 1035 2079 solos
1084 2032 1363 2095 Apostolos,
1403 2032 1602 2080 Petrum

199 2113 375 2162 nempe
422 2108 472 2145 et
505 2099 763 2153 Jacobum,
816 2099 865 2145 in
899 2098 984 2146 illo
1018 2099 1318 2147 sanctissimo
1361 2110 1607 2147 conventu

198 2182 316 2213 esse
340 2166 543 2224 locutOS,
582 2177 630 2214 et
666 2183 829 2214 eorum
865 2166 1165 2216 sententiam
1185 2168 1405 2216 omnibus
1441 2161 1606 2233 placu-

192 2232 303 2281 isse.

269 2302 368 2367 Obj.
394 2306 471 2349 40·
510 2302 575 2360 Si,
613 2302 848 2367 prioribus
871 2303 1107 2352 Ecclesiae
1131 2305 1337 2361 saeculis,
1386 2305 1606 2368 Praesby-

200 2369 315 2417 teris
354 2370 581 2435 Episcopi
626 2371 827 2420 fuissent
863 2372 1021 2420 officio
1060 2383 1109 2419 et
1146 2373 1384 2436 dignitate
1423 2372 1608 2436 superi-

202 2453 325 2496 oreS‚
350 2448 448 2486 tres
472 2449 590 2487 tunc
610 2439 821 2488 distincti
842 2439 1046 2488 fuissent
1072 2441 1369 2489 Clericorum
1399 2441 1606 2498 ordines,

201 2522 375 2569 nempe
403 2506 772 2571 Episcoporum‚
812 2509 1240 2573 Praesbyterorum‚
1279 2518 1326 2556 et
1360 2509 1607 2557 Diacono-

199 2589 329 2619 ru-..m
396 2575 548 2639 Atqui
584 2585 744 2623 tamen
781 2576 916 2624 hisce
954 2577 1252 2639 temporibus
1293 2574 1391 2625 duo
1416 2588 1604 2625 tantum

201 2640 497 2688 Clericorum
524 2643 714 2691 ordines
739 2644 1174 2707 distinguebantur.

269 2708 322 2754 S.
341 2709 523 2757 Paulus
568 2711 628 2758 ad
676 2711 1079 2775 Phip.1.v.1.
1153 2712 1402 2762 Omnibus
1422 2714 1607 2763 Sanctis

201 2778 249 2823 in
279 2776 477 2826 Christo
483 2780 597 2827 Jesu
621 2780 718 2844 qui
738 2789 844 2829 sunt
868 2780 1123 2847 Philippis,
1158 2799 1257 2832 eum
1299 2782 1540 2848 Episcopis
1563 2789 1607 2827 et

197 2844 441 2892 Diaconis.

268 2913 309 2957 1.
344 2912 406 2958 ad
430 2912 644 2962 Timoth.
669 2918 716 2963 3.
748 2933 791 2963 v.
822 2919 862 2963 l.
921 2918 1124 2981 Oportet
1162 2936 1273 2982 ergo
1320 2918 1602 2980 Episcopum

193 2979 628 3043 irreprehensibilem
646 2999 741 3032 esse
747 3019 867 3033 ......
876 2973 1120 3034 Diaconos
1138 2984 1349 3032 similiter
1369 3002 1428 3048 pr
1440 2984 1609 3047 udices.

1455 3051 1538 3098 Pol
1552 3067 1604 3114 J-
