1846 3250
222 173 325 222 250*
648 185 650 187 ·
751 170 1181 222 TRACTATUS

210 295 526 394 Religicinem
572 295 851 358 profitendi,
886 307 970 357 aut
1018 298 1228 347 Ordines
1274 314 1437 375 sacros
1479 301 1628 350 susci-

215 362 423 428 piendi?
510 404 514 406 .
592 404 595 406 Α
737 391 740 397 ·

285 432 346 478 R.
391 432 465 475 10·
501 403 755 490 sponsalia,
804 430 888 478 tali
929 440 1059 488 voto,
1096 431 1134 478 si
1177 431 1496 495 praecesserit,
1534 432 1629 481 dis-

211 496 368 552 solvi;
404 496 517 559 quia
541 498 651 544 sunt
678 498 739 544 de
765 514 822 545 re
832 503 949 559 jam
946 499 1067 547 Deo'
1092 500 1321 561 obligata,
1338 516 1406 550 ac
1425 500 1629 564 proinde

214 565 333 611 Deo
355 563 633 627 displicent,
651 568 750 612 ne'c
759 566 927 613 valere
951 571 1169 628 possunt.
1208 566 1257 613 Si
1274 578 1436 615 tamen
1454 584 1632 631 sponsa

216 630 476 679 occasione
512 631 805 708 sponsalium
848 648 904 680 ac
941 634 1031 680 sub
1068 649 1155 695 spe
1194 634 1483 683 matrimonii
1521 651 1628 684 cor-

213 709 359 761 rupta
399 697 563 756 fuerit,
602 708 658 746 et
693 700 790 746 voti
825 716 855 746 a
889 716 1067 762 sponso
1106 700 1295 747 emissi
1312 700 1494 759 nescia,
1535 718 1628 751 nec

214 766 478 813 damnum
466 767 557 829 ipsi
592 766 779 814 illatum
805 767 945 813 aliter
970 782 1113 829 quam
1156 783 1244 829 per
1269 768 1628 817 matrimonium

212 832 426 896 reparari
450 834 614 895 possit,
654 844 856 881 censent
875 835 1021 896 vulgo
1043 834 1299 896 Theologi,
1324 834 1475 898 idque
1498 835 1633 885 vide-

214 911 292 947 tur
318 899 530 963 aequitati
559 911 958 957 consentaneum,
999 916 1228 963 sponsum
1264 903 1437 959 teneri,
1472 901 1634 966 requi-

210 977 350 1014 rente
375 974 567 1029 sponsa‚
584 967 773 1016 factam
799 968 842 1016 ei
878 968 1246 1030 promissionem
1271 969 1491 1044 implere.

280 1037 360 1080 20·
382 1034 438 1080 Si
464 1034 561 1092 tale
586 1045 749 1081 votum
777 1035 1018 1097 sponsalia
1042 1036 1357 1082 subsecutum
1382 1035 1460 1092 sit,
1488 1036 1628 1083 multi

209 1099 462 1158 affirmant,
492 1110 539 1147 et
566 1101 759 1164 quidem
786 1102 1080 1164 probabilius
1096 1111 1276 1149 contra
1295 1102 1553 1149 nonnullos
1577 1102 1628 1150 id

208 1177 464 1229 negantes,
501 1168 778 1231 sponsalia
766 1184 814 1214 m
841 1185 908 1280 elo
927 1185 1041 1216 casu
1069 1170 1246 1225 valere,
1271 1179 1437 1216 votum
1462 1180 1627 1217 autem

209 1235 342 1281 istud
367 1248 474 1281 esse
498 1234 778 1281 invalidum.
919 1236 1095 1288 -Quia
1120 1237 1258 1283 Deus
1283 1234 1379 1282 coli
1403 1251 1500 1282 non
1525 1234 1630 1284 vult.

213 1317 324 1348 cum
366 1300 540 1361 injuria
581 1302 796 1348 alterius.
867 1303 947 1347 20·
984 1302 1193 1355 Quiaid
1231 1318 1258 1349 a
1294 1302 1627 1349 contractibus

210 1368 477 1415 arcendum
521 1378 610 1425 est,
648 1385 736 1431 per
761 1368 891 1431 quod
936 1385 1102 1416 eorum
1140 1367 1374 1431 obligatio
1409 1368 1523 1416 elidi
1557 1368 1631 1416 fa·
1698 1427 1702 1429 ‚

208 1434 389 1482 cillime
413 1434 579 1497 possit.
651 1435 783 1488 Quid
808 1445 970 1483 autem
1014 1435 1203 1482 facilius
1240 1435 1444 1499 sponsis,
1481 1436 1520 1484 si
1546 1451 1626 1483 ve-

208 1502 298 1549 lint
324 1511 605 1550 contractus
644 1501 748 1549 initi
777 1503 873 1567 vim
914 1503 1131 1559 eludere,
1170 1500 1625 1565 quamcastitatem

191 1570 283 1624 >vel
310 1569 553 1615 Ordinum
579 1569 942 1630 susceptionem
979 1572 1189 1618 vovere?
1230 1573 1307 1615 3⁰·
1350 1570 1471 1617 Ideo
1504 1567 1626 1633 prae-

209 1634 369 1699 cipue,
399 1639 545 1695 juxta
592 1636 790 1683 alterius
814 1637 1069 1683 sententiae
1109 1637 1363 1691 Patronos,
1407 1637 1538 1692 valet
1578 1637 1627 1683 in

208 1703 435 1766 praesenti
473 1717 589 1749 casu
614 1712 798 1759 votum,
837 1713 886 1749 et
922 1703 1165 1765 sponsalia
1199 1718 1286 1764 per
1311 1702 1428 1749 illud
1457 1704 1628 1751 dissol-r

207 1780 418 1823 vuntur3
456 1769 568 1830 quia
605 1769 710 1816 haec
752 1769 967 1816 conditio
1009 1769 1312 1832 sponsalibus
1353 1769 1494 1825 inest,
1532 1771 1625 1817 nisi

207 1844 377 1884 Statum
412 1835 738 1900 perfectiorem
773 1836 968 1899 elegero.
1032 1839 1107 1882 At
1137 1836 1233 1882 ista
1273 1836 1490 1883 conditio
1525 1852 1625 1882 non

207 1914 280 1958 est
306 1901 563 1977 geneialis,
600 1903 686 1949 sed
712 1917 776 1949 ex
819 1903 941 1950 Jure
977 1912 1028 1949 et
1057 1901 1293 1950 Ecclesiae
1318 1902 1536 1965 Legibus
1561 1903 1624 1949 ad

207 1968 336 2018 sol'os
362 1985 500 2016 casus
527 1968 846 2016 professionis
888 1969 1126 2032 religiosae
1167 1980 1218 2016 et
1244 1969 1484 2018 Oldinum
1521 1985 1624 2017 sus-

209 2036 448 2100 ceptionis
484 2037 783 2083 extenditur.
1547 2062 1551 2064 -
1620 2052 1625 2055 ’

276 2103 548 2151 Fatendum
575 2114 752 2159 tamen,
791 2103 838 2149 id
864 2102 1032 2150 iisdem
1063 2102 1344 2166 Theologis,
1383 2068 1625 2179 ejusmodi

208 2171 306 2220 voti
341 2170 441 2216 vim
482 2168 689 2233 aliquam
733 2170 907 2227 inesse,
945 2186 1041 2232 qua
1065 2170 1120 2217 fit,
1151 2174 1221 2216 1⁰·
1259 2182 1311 2217 ut
1332 2186 1411 2230 qui
1431 2180 1625 2219 castita

205 2244 305 2286 tem
332 2237 478 2293 vovit,
515 2253 611 2282 non
648 2237 814 2298 possit,
852 2237 1085 2291 sinubat,
1133 2237 1193 2283 ad
1223 2252 1376 2283 uxore
1401 2236 1620 2348 debitum

206 2315 393 2369 petere,
442 2319 552 2358 nec,
602 2319 659 2349 ea
684 2302 934 2358 defuncta,
973 2303 1112 2349 aliam
1140 2303 1339 2349 ducere.
1483 2303 1620 2358 ·Ut,

210 2373 381 2420 eadem
419 2370 772 2423 consentiente,
807 2370 883 2416 vel
910 2379 1115 2424 mortua,
1151 2379 1315 2415 votum
1344 2368 1621 2415 castitatem

206 2437 446 2492 servandi,
475 2436 793 2500 Religionem
819 2437 1094 2499 profitendi,
1129 2445 1211 2484 aut
1238 2433 1453 2482 Ordines
1474 2435 1624 2482 susci

206 2506 371 2571 piendi
396 2494 598 2567 implere
626 2513 865 2552 teneatur.

422 2643 617 2693 CAUSA
654 2646 703 2690 4.
741 2641 980 2695 Discessus
1016 2639 1210 2700 alterius
1240 2639 1408 2703 partis.

279 2775 328 2829 Si
353 2790 558 2838 sponsus
583 2775 763 2836 absque
798 2790 1037 2837 consensu
1087 2788 1277 2836 sponsae
1301 2783 1495 2829 terram,
1540 2771 1623 2820 ubi

209 2847 320 2892 'cum
345 2856 522 2905 sponsa
544 2840 811 2896 habitabat,
849 2833 1119 2899 dimiserit,
1138 2850 1189 2898 et
1224 2838 1297 2888 ad
1311 2840 1427 2888 alias
1458 2848 1620 2902 partes

209 2907 514 3002 domicilium
543 2907 862 2968 transtuierit,
898 2908 999 2956 :vei
1014 2908 1065 2954 in
1100 2909 1370 2973 regionem
1387 2916 1624 2959 remotam

1216 2970 1624 3036 commigraverit,
