1846 3250
519 178 616 229 DE
652 174 1147 228 MATRIMONIO.
1467 178 1562 226 193

137 318 353 383 filiorum
383 316 767 383 procreationem,
803 315 886 363 sed
918 321 1108 380 propter
1149 311 1288 361 etiam
1320 310 1469 376 ipsam
1513 313 1564 361 in

157 390 338 438 diverso
360 402 469 434 sexu
490 384 747 433 societatem
764 400 784 440 ;
820 381 1031 448 alioquin
1069 397 1161 430 non
1190 384 1301 446 jam
1338 380 1567 431 diceretur

157 455 419 521 conjugium
465 452 514 500 in
560 450 755 507 senibus,
802 450 1065 515 prat-sertim
1110 450 1155 497 si
1199 447 1271 499 vel
1309 448 1566 500 amisissent

141 524 294 587 filios,
330 520 403 570 vel
421 520 605 568 minime
621 518 905 584 genuissent.

228 589 376 640 Proh.
413 591 495 636 30.
535 587 666 635 Usus
688 585 760 634 rei
784 585 847 632 de
873 600 969 649 qua
993 583 1309 642 contrahiter‚
1349 595 1571 635 contrac-
1630 633 1632 635 ,

162 669 239 708 tus
264 656 521 706 essentiam
541 671 638 702 non
664 653 930 711 constituit,
955 653 1043 700 sed
1067 651 1195 699 illam
1222 655 1537 718 consequitur
1561 674 1572 702 ε
1615 708 1618 711 ,

162 727 230 774 sic
248 742 391 774 verus
416 724 468 772 fit
493 739 551 771 ac
576 722 824 787 perfectus
843 720 1099 785 emptionis
1119 731 1416 779 contractus,
1432 723 1574 771 simul

167 806 222 843 ut
260 793 469 859 partium
508 807 745 840 consensu
798 790 1082 837 translatum
1132 798 1206 836 est
1252 789 1321 835 rei
1370 790 1575 838 venditae

165 862 448 918 dominium,
484 860 597 907 licet
643 868 834 923 emptor
874 874 934 906 ea
976 857 1044 905 uti
1084 856 1221 904 nolit.
1299 857 1433 921 Ergo
1467 860 1577 922 pari

165 931 352 989 ratione
376 929 479 978 solo
505 927 711 992 partium
737 942 979 974 consensu
1012 924 1263 989 perficitur
1288 925 1579 975 matrimonii

169 1008 465 1059 contractus,
502 994 592 1043 etsi
617 999 849 1058 conjuges
874 1010 933 1042 eo
957 1010 1054 1041 non
1074 1003 1288 1041 utantur.

289 1065 435 1115 Proh.
459 1067 537 1111 40·
561 1080 616 1112 ex
638 1079 856 1112 consensu
880 1062 1083 1112 omnium
1106 1061 1154 1110 T
1151 1060 1460 1128 heologorum.

578 1197 831 1248 Solvuntur
869 1198 1165 1264 Objectiones.

245 1338 348 1402 03372
388 1340 462 1385 10·
522 1336 637 1383 Non
682 1335 812 1383 valet
851 1333 1074 1398 probatio
1114 1349 1178 1382 ex
1218 1350 1278 1382 eo
1328 1335 1585 1400 desumpta

176 1408 308 1470 quod
335 1422 502 1454 verum
525 1402 673 1451 fuerit
696 1403 821 1450 inter
849 1404 1049 1450 Beatam
1084 1401 1292 1450 Mariam
1319 1414 1368 1451 et
1399 1404 1593 1469 Joseph

180 1473 553 1522 matrimonium.
622 1471 826 1518 Constat
868 1471 996 1519 enim
1039 1486 1123 1518 eos
1157 1485 1253 1517 non
1289 1471 1439 1520 fuisse
1474 1488 1589 1520 vere

178 1546 498 1606 conjugatos;
539 1542 614 1587 10·
647 1539 760 1603 quia
796 1538 978 1586 Matth.
1052 1540 1096 1584 2.
1135 1538 1290 1586 Beata
1328 1539 1481 1603 Virgo
1519 1539 1591 1587 di-

179 1611 305 1658 citur
353 1621 541 1658 tantum
582 1608 858 1673 desponsata
900 1605 1074 1670 Joseph
1095 1625 1117 1661 ,·
1160 1607 1241 1652 20·
1280 1607 1393 1669 quia
1435 1608 1592 1656 Beata

180 1678 342 1726 Maria
382 1686 636 1742 perpetuae
684 1673 971 1738 virginitatis
1012 1684 1178 1721 votum
1205 1674 1448 1732 emiserat,
1498 1692 1594 1724 nec

178 1746 384 1810 proinde
409 1742 762 1793 matrimonium
789 1743 1079 1789 contrahere
1114 1751 1340 1806 poterat:
1376 1747 1443 1791 3⁰·
1481 1744 1594 1807 quia

179 1814 281 1862 ibid
319 1814 520 1877 Joseph,
573 1829 671 1862 eum
711 1809 849 1858 nollet
891 1827 989 1858 eam
1029 1812 1289 1866 traducere,
1337 1810 1480 1859 votuit
1520 1830 1595 1860 oc-

178 1881 298 1931 culte
343 1882 572 1930 dimittere
611 1896 745 1934 eam,·
784 1878 824 1924 si
872 1878 999 1925 enim
1041 1894 1209 1925 verum
1249 1877 1423 1926 fuisset
1469 1879 1597 1928 inter

184 1967 267 1998 eos
315 1950 614 2012 conjugium,
649 1962 747 1993 non
793 1945 1011 1992 licuIsset
1062 1945 1234 1992 marito
1288 1962 1393 1994 eam
1438 1947 1597 1995 dimit-

184 2029 307 2072 tere,
345 2033 456 2064 cum
504 2017 657 2062 Deut.
700 2016 781 2061 24.
826 2013 913 2070 vir,
950 2029 1048 2060 non
1095 2013 1184 2060 nisi
1243 2014 1357 2061 dato
1398 2015 1597 2079 publice

183 2085 350 2133 libello
396 2083 604 2148 repudii,
639 2096 843 2129 uxorem
887 2081 1082 2130 occulte
1131 2081 1375 2131 dimittere
1416 2094 1599 2147 posset.

189 2152 341 2216 Ergo,
360 2156 449 2200 ὅτε.

253 2222 316 2269 R..
343 2219 549 2268 Mariam
574 2229 626 2282 et
658 2215 845 2280 Joseph
877 2232 1017 2265 veros
1055 2216 1205 2266 fuisse
1238 2222 1487 2284 conjuges,
1526 2220 1596 2269 uti

187 2298 375 2336 constat
402 2304 463 2336 ex
491 2287 650 2335 dictis.

259 2358 339 2405 Ad
366 2361 406 2404 1.
445 2355 606 2403 Maria
641 2353 931 2417 desponsata
956 2351 1150 2411 dicitur,
1188 2370 1284 2401 non
1315 2354 1447 2419 quod
1472 2366 1602 2405 esset

189 2434 376 2472 tantum
414 2424 663 2488 promissa,
700 2422 787 2469 sed
828 2420 958 2483 quod
1000 2438 1113 2469 vere
1155 2427 1417 2486 conjugata
1454 2424 1600 2483 foret,

190 2493 316 2540 sicut
339 2492 465 2540 inter
488 2508 575 2539 nos
612 2491 861 2553 conjugati
902 2489 1162 2536 etiamnum
1202 2490 1432 2538 dicuntur
1455 2508 1601 2554 spon-

192 2574 272 2606 sus
296 2569 346 2607 et
379 2575 569 2623 sponsa.
640 2558 786 2607 Unde
824 2557 948 2603 Luc.
983 2559 1027 2604 2.
1056 2557 1215 2605 Maria
1239 2558 1418 2605 dicitur
1460 2560 1602 2608 simul

194 2626 486 2690 desponsata
542 2637 591 2675 et
645 2642 804 2674 uxor:
852 2625 914 2673 Ut
957 2627 1254 2689 profiteretur
1292 2644 1392 2675 cum
1435 2628 1604 2677 Maria

190 2695 459 2759 desponsata
485 2695 571 2743 sibi
591 2712 731 2743 uxore
744 2700 1048 2756 praegnante.

264 2763 346 2809 Ad
375 2762 420 2808 52.
454 2763 576 2810 Cum
605 2764 661 2810 Β.
693 2762 845 2825 Virgo
887 2776 974 2824 per
1011 2760 1218 2809 divinam
1257 2761 1604 2819 revelationem

197 2828 446 2877 didicisset
490 2830 675 2894 ,Ioseph
712 2844 954 2890 nunquam
997 2829 1323 2892 virginitatem
1365 2847 1471 2879 esse
1506 2832 1608 2878 vio-

194 2898 423 2955 laturum,
471 2913 564 2944 nec
608 2907 852 2962 potestate
905 2911 993 2959 per
1039 2899 1318 2961 conjugium
1372 2899 1610 2961 acquisita

198 2981 416 3022 usurum,
467 2965 741 3013 consentire
796 2964 958 3027 potuit
1003 2975 1057 3012 ut
1099 2967 1180 3027 jus
1225 2966 1356 3013 istud
1402 2966 1608 3029 haberet

196 3049 284 3097 per
317 3032 704 3094 Matrimonium,
739 3031 857 3081 licet
890 3031 1023 3098 prius
1046 3031 1333 3097 virginitatis
1357 3042 1610 3099 perpetuae

1442 3110 1607 3150 votum
