1846 3250
488 163 586 211 DE
624 159 1120 211 MATRIMONIO.
1452 165 1550 212 345

204 304 250 349 2.
274 298 452 365 regula.
492 295 774 345 Reticentia
799 295 899 343 veri
923 304 1007 343 aut
1031 294 1277 359 expositio
1294 295 1403 344 falsi
1426 296 1556 345 redi-

137 370 209 418 dit
234 363 642 431 dispensationem
666 364 1003 426 subreptitiam
1042 365 1119 411 vel
1161 363 1470 428 obreptitiam
1495 378 1555 413 ac

137 434 341 500 proinde
366 432 563 488 nullam,
598 431 793 494 quando
835 430 940 478 haec
981 429 1239 478 reticentia
1262 432 1338 479 vel
1364 431 1559 496 exposi-

138 504 207 552 tio
251 511 322 548 est
365 498 597 546 motivum
640 513 726 545 seu
763 513 911 545 causa
943 497 1101 545 finalis
1148 497 1558 562 dispensationem

141 567 462 623 concedendi,
498 563 834 627 seuquando,
872 563 911 611 si
947 563 1124 612 veritas
1161 572 1561 629 expressaesset,

138 636 418 684 nullatenus
456 633 533 680 vel
560 632 745 691 ‚saltem
788 630 837 676 in
873 630 1044 678 eadem
1069 631 1226 679 forma
1259 649 1356 680 non
1390 632 1566 681 fuisset

141 717 376 751 concessa
400 697 711 762 dispensatio.
781 698 929 746 Ratio
954 707 1028 745 est
1054 699 1167 761 quia
1191 708 1309 748 tunc
1333 700 1468 750 nulla
1490 711 1568 749 est

141 771 190 818 in
218 768 480 832 Superiore
500 765 810 829 dispensandi
834 765 1073 813 voluntas.

213 840 257 884 3.
297 835 476 901 regula.
514 833 803 896 Suppressio
844 832 945 880 veri
978 833 1055 879 vel
1081 833 1324 897 expositio
1348 833 1456 883 falsi
1479 844 1570 883 *est

147 900 430 956 essentialis,
448 900 956 965 dispensationemque
976 901 1156 947 nullam
1178 901 1355 958 reddit,
1374 902 1570 964 quando

146 971 292 1019 efficit
318 979 370 1017 ut
398 967 629 1031 Superior
647 967 840 1030 ignoret
864 966 1109 1014 vinculum
1136 967 1267 1029 quod
1291 968 1436 1026 tollit,
1483 979 1571 1017 aut

147 1042 250 1099 ejus
273 1035 579 1100 gravitatem,
604 1043 689 1081 aut
713 1033 1033 1097 quantitatem
1058 1034 1228 1097 gratiae
1251 1034 1575 1098 quamindul-

145 1114 248 1168 get.
318 1102 466 1151 Ratio
491 1110 565 1149 est
589 1100 703 1164 quia
729 1100 960 1164 Superior
986 1116 1084 1148 non
1110 1113 1339 1150 censetur
1375 1101 1573 1168 dispen-

100 1175 103 1177 ’
147 1188 271 1229 sare,
307 1175 400 1218 ὣς)
424 1184 594 1217 revera
617 1168 865 1233 dispensat
888 1168 938 1215 in
964 1183 1023 1216 eo
1053 1166 1185 1234 quod
1208 1168 1415 1234 ignorat.
1474 1169 1570 1224 His

149 1254 421 1304 praemrsms.

219 1306 287 1353 R.
320 1309 380 1353 1⁰·
434 1303 533 1352 Ubi
571 1302 732 1366 agitur
771 1302 833 1351 de
876 1301 1182 1352 matrimonio
1220 1304 1572 1363 contrahendo,

152 1372 550 1436 impedimentum
576 1370 639 1418 de
664 1387 761 1434 quo
787 1369 964 1433 agitur,
1006 1370 1055 1416 in
1079 1387 1167 1419 sua
1191 1373 1385 1435 propria
1408 1374 1573 1437 specie

154 1439 361 1504 exprimi
383 1439 549 1494 debet,
575 1454 672 1485 non
697 1449 846 1485 unum
870 1455 958 1501 pro
983 1437 1095 1493 alio,
1132 1439 1395 1501 nequidem
1421 1445 1575 1502 majus

153 1524 242 1573 pro
271 1506 512 1553 minoriv.
537 1523 586 1569 g.
611 1505 1006 1567 consanguinitas
1030 1522 1119 1568 pro
1144 1507 1389 1555 affinitate.
1427 1507 1575 1555 Ratio

155 1586 230 1624 est
263 1575 373 1635 quia
405 1573 452 1619 in
480 1572 918 1636 dispensationibus
959 1588 1056 1618 non
1080 1573 1207 1620 valet
1232 1583 1577 1636 argumentum

155 1659 185 1691 a
221 1640 392 1689 minori
417 1639 479 1688 ad
503 1644 674 1701 majuS,
714 1655 807 1687 nec
835 1638 1068 1703 Superior
1091 1640 1194 1688 vult
1217 1639 1266 1687 in
1292 1656 1352 1689 eo
1384 1640 1578 1706 dispen-

156 1725 263 1758 sare
284 1707 415 1772 quod
434 1707 643 1770 ignorat.

225 1779 305 1823 2⁰·
346 1775 398 1823 Si
436 1775 579 1838 plura
619 1772 714 1821 sint
753 1773 1104 1837 impedimenta
1139 1775 1352 1836 publica,
1395 1775 1580 1825 debent

158 1843 318 1892 omnia
357 1842 499 1889 simul
549 1840 754 1904 exprimi
801 1840 849 1886 in
904 1840 1078 1888 eodem
1135 1842 1301 1889 libello
1354 1842 1581 1906 supplici.

159 1910 307 1959 Ratio
332 1920 418 1958 est*
440 1908 551 1970 quia
574 1907 690 1955 talia
712 1907 1060 1970 impedimenta
1105 1908 1246 1956 simul
1273 1910 1583 1959 occurrentia

159 1977 432 2040 graviorem
480 1976 715 2022 denotant
771 1973 1097 2022 indecentiam
1146 1992 1202 2023 ac
1251 1976 1583 2025 defficiliorem

154 2044 342 2092 faciunt
366 2042 792 2105 dispensationem.
863 2041 1009 2095 Quod
1044 2042 1082 2089 si
1106 2058 1251 2091 unum
1278 2060 1343 2091 ex
1379 2044 1472 2092 illis
1496 2045 1585 2091 im-

161 2110 469 2175 pedimentis,
518 2126 564 2156 v.
615 2126 663 2172 g.
714 2108 1161 2175 consanguinitatiS,
1209 2111 1457 2173 publicum
1504 2111 1582 2170 sit,

163 2177 295 2226 aliud
321 2193 452 2231 vero,
483 2187 602 2240 puta
626 2175 855 2230 criminis,
881 2176 941 2222 sit
966 2177 1233 2234 occultum,
1268 2178 1401 2242 prius
1429 2179 1585 2227 Data-

162 2245 261 2302 riae‚
287 2242 527 2307 posterius
543 2246 666 2290 'vero
693 2242 1071 2290 Poenitentiariae
1095 2244 1244 2293 debet
1274 2246 1466 2309 aperiri,
1504 2246 1586 2294 cui

165 2311 399 2360 declarari
421 2311 568 2358 debet
587 2310 685 2357 duo
711 2326 817 2358 esse
842 2308 1205 2374 impedimenta,
1232 2323 1280 2361 et
1306 2314 1352 2359 in
1381 2313 1588 2362 Dataria

166 2377 572 2442 dispensationem
598 2377 932 2440 impedimenti
955 2378 1138 2441 publici
1162 2379 1310 2427 fuisse
1335 2381 1554 2444 petitam.

235 2447 309 2493 30.
364 2444 414 2493 Si
460 2445 734 2507 postuletur
782 2443 1077 2507 dispensatio
1135 2446 1471 2509 impedimenti
1522 2465 1588 2498 ex

169 2511 461 2561 commercio
495 2511 683 2568 illicito,
720 2511 1067 2574 exponendum
1110 2523 1182 2560 est
1218 2530 1279 2561 an
1303 2516 1363 2562 ab
1390 2531 1486 2564 uno
1511 2517 1591 2564 vel

169 2589 378 2643 utroque
411 2578 501 2625 sub
535 2595 623 2642 spe
666 2578 1038 2642 dispensationis
1078 2579 1269 2629 facilius
1311 2581 1591 2632 obtinendae

171 2644 519 2695 commercium
544 2644 665 2693 illud
689 2645 907 2693 habitum
931 2646 1007 2693 sit.
1323 2698 1337 2701 ff

176 2734 179 2735 ⁷
243 2714 435 2769 Quaeres
459 2714 487 2763 7
494 2719 538 2744 0·
591 2712 707 2774 quid
753 2712 802 2759 in
849 2714 1175 2776 postulatione
1220 2715 1593 2782 dispensationis

172 2795 320 2844 super
343 2778 646 2827 matrimonio
669 2779 886 2846 invalide
895 2785 995 2843 jam
1022 2792 1275 2832 contracto
1299 2783 1595 2848 generaliter

172 2846 234 2896 sit
257 2845 657 2911 experimendum
679 2848 696 2897 ἓ
1282 2884 1289 2892 .
1493 2854 1495 2861 *

247 2915 307 2965 R.
354 2913 699 2976 exponendum
741 2930 848 2963 esse
899 2914 970 2963 1⁰·
1005 2930 1067 2962 an
1113 2917 1268 2965 ambae
1313 2927 1478 2981 partes
1518 2920 1599 2968 vvel

164 2996 345 3034 tearum
372 2995 484 3040 una,
519 2980 647 3030 bona
664 2982 741 3030 vel
767 2981 892 3032 mala
916 2982 1029 3043 fide,
1066 2999 1153 3033 seu
1178 2976 1290 3043 cum
1314 2984 1488 3034 notitia
1510 2985 1601 3034 im-

1332 3052 1602 3117 pedimenti
