1846 3250
205 178 314 228 464¹
718 172 1140 227 TRACTATUS
1156 209 1161 214 -

277 312 341 360 R.
364 311 475 359 dist.
502 308 687 358 Mulier
712 311 785 358 sui
824 307 1041 375 corporis
1079 321 1375 376 potest-atem
1415 329 1513 362 non
1558 307 1643 364 113·

208 381 309 437 bet,
349 388 603 442 postquam
630 379 987 444 matrimonium
1016 382 1312 448 completum
1342 391 1412 428 est
1440 398 1498 447 ao
1525 399 1645 431 con-⁶

209 455 522 497 summatum
570 462 696 494 conc.
723 445 994 511 antequam
1012 443 1310 512 completum
1338 449 1414 506 sit,
1439 450 1486 496 in
1518 464 1642 497 casu

210 513 454 576 religiosae
497 513 850 572 Professionis‚
876 528 979 580 neg.
1033 518 1098 562 1⁰·
1137 516 1285 563 Enim
1318 517 1538 581 loquitur
1577 518 1644 571 ibi

214 581 489 645 Apostolus
530 580 593 628 de
640 582 948 633 matrimonio
992 593 1350 636 consummato,
1404 584 1645 647 siquidem

215 659 491 696 sermonem
514 648 634 695 facit
659 648 730 696 de
749 660 915 698 mutua
939 650 1215 698 redditione
1240 649 1412 699 debiti.
1444 654 1510 699 2⁰·
1545 652 1643 699 Lo-

214 716 380 779 quitur
407 716 677 779 Apostolus
711 717 772 764 de
798 718 1041 765 ordinario
1071 733 1232 765 retum
1273 731 1432 767 cursu.
1467 719 1645 767 Fate-

213 800 324 831 mur
361 794 525 831 autem
551 783 598 829 in
625 794 771 831 cuisu
795 795 955 832 rerum
983 785 1244 847 ordinario,
1282 785 1363 848 ubi
1401 803 1443 833 v.
1461 804 1509 849 g.
1545 787 1647 849 agi·-

214 863 315 898 tur·
342 851 433 898 de
447 850 754 899 matrimonio
798 863 1152 915 consummato,
1189 851 1311 899 illud
1340 870 1454 903 non
1502 870 1647 917 posse

215 918 430 966 dissolvi.
503 918 601 966 Sed
627 935 723 966 non
763 920 985 980 sequitur
1017 911 1136 967 illud
1163 936 1258 966 non
1285 930 1428 983 posse
1449 913 1661 979 dissolvi¹

211 997 303 1050 per
323 984 722 1033 Professionem
715 987 1026 1049 religiosam,
1064 988 1103 1034 si
1132 1002 1228 1035 non
1255 988 1316 1035 sit
1342 994 1647 1065 3035331313-

213 1064 350 1109 tum3
370 1052 622 1116 siquidem
649 1055 945 1101 contrarium
972 1062 1123 1102 antea
1139 1056 1502 1118 probavimus.-

236 1090 631 1168 In’st.10·.Jus
651 1121 742 1167 viri
756 1120 811 1167 in
837 1131 1014 1200 conpos
1034 1121 1248 1185 mulieris
1267 1123 1421 1169 oritur
1446 1139 1506 1185 ex
1532 1138 1651 1171 con·

212 1189 379 1235 tractu
400 1186 640 1250 legitimo,
658 1198 774 1235 non
812 1205 872 1236 ex
886 1189 1330 1237 consummatione
1341 1190 1650 1237 1331ιί130ῃὶ1.

213 1254 350 1318 Etgo
374 1255 496 1303 illud
519 1264 616 1303 stat
639 1272 728 1320 pro
753 1256 883 1303 omni
922 1256 1229 1317 matrimonio
1241 1267 1392 1341 rato,
1416 1257 1529 1309 etsi
1550 1272 1648 1305 non

214 1331 590 1375 consummato.
713 1371 715 1373 ,
777 1338 780 1341 ’
1317 1356 1319 1358 -

284 1392 350 1439 R.
378 1395 459 1452 jus
483 1390 573 1437 viri
615 1389 664 1440 in
698 1407 876 1456 cor-pus
915 1390 1131 1440 mulieris
1156 1391 1268 1438 oriri
1294 1408 1357 1440 ex
1392 1401 1652 1441 contractu

217 1458 455 1521 legitimo,
482 1458 571 1506 sed
597 1460 844 1523 completo
872 1470 922 1506 et
947 1470 1301 1517 consummem,
1347 1469 1401 1509 ut
1421 1460 1649 1507 diximus.

213 1525 424 1573 Plenum
453 1525 608 1589 igitur
632 1543 691 1574 ac
723 1536 1029 1590 perpetuum
1042 1543 1140 1574 non
1166 1537 1241 1574 est
1265 1527 1387 1574 illud
1420 1532 1517 1589 333,
1560 1525 1650 1573 nisi

215 1593 481 1640 accesserit
528 1595 747 1642 secunda
795 1594 1029 1653 conditio,
1085 1593 1309 1642 nimirum
1358 1593 1649 1656 matrimonii

214 1660 588 1708 consummatio.

291 1727 394 1790 Olgy
468 1731 534 1776 6·
595 1726 898 1774 Matiimonii
958 1726 1325 1787 dissolutionem
1380 1720 1653 1791 Religioni-s

221 1808 371 1842 causa
411 1794 672 1856 prohibent
713 1798 778 1857 1⁰·
804 1794 1076 1856 Gregorius
1105 1795 1331 1856 ⁴Magnus
1375 1795 1533 1858 Epist.
1572 1799 1654 1842 49.

222 1878 266 1909 c.
295 1864 342 1908 2.
371 1861 455 1909 lib.
493 1866 539 1909 9.
583 1863 645 1910 ad
682 1861 1017 1910 T-heoctistam
1061 1861 1318 1909 Patr-itium
1359 1861 1434 1909 his
1461 1863 1653 1910 verbis:

224 1931 281 1977 Si
317 1930 476 1977 dicunt
513 1946 653 1977 causa
680 1928 941 1995 Religionis
981 1929 1199 1994 conjugia
1247 1929 1439 1990 dissolvi
1475 1929 1654 1985 debere,

222 1997 458 2044 sciendum
500 1996 731 2062 estquia,
771 1997 860 2045 etsi
903 1998 1016 2044 Lem>
1042 1997 1248 2044 humana
1282 1997 1515 2054 concessit,
1553 1998 1656 2043 Lex

222 2064 383 2111 dwina
401 2063 669 2128 prohibuit.
736 2064 810 2110 20·
849 2064 1097 2126 Egbertus
1124 2062 1504 2123 Eboracensis‚
1492 2079 1540 2109 m
1564 2064 1657 2112 Ca·

219 2130 390 2194 pitulis
438 2147 547 2193 quae
594 2131 668 2177 ad
704 2147 782 2178 an.
819 2132 936 2181 747.
976 2130 1124 2177 refert
1167 2131 1410 2178 Labbaeus
1453 2141 1572 2178 tom.
1606 2133 1653 2177 6.

226 2198 417 2245 Concil.
442 2215 489 2261 p.
522 2200 667 2245 1596.
702 2197 1022 2245 idemhabet.
1089 2201 1176 2244 30·
1203 2197 1482 2261 Episcopus
1504 2198 1656 2245 Vero·

206 2264 385 2329 ‘nensis
454 2280 559 2327 cap.
621 2264 683 2311 de
750 2265 904 2311 Conv.
983 2265 1260 2327 Conjugato
1319 2263 1656 2312 excommuni-

217 2331 424 2379 catione
474 2331 697 2395 percutit
762 2336 1018 2393 conjugem
1088 2347 1210 2393 quae,
1261 2324 1482 2378 necdum
1543 2346 1658 2378 con-

222 2407 467 2449 summato
526 2398 850 2456 matrimonio,
910 2397 1266 2445 Monasterium
1306 2397 1515 2463 ingredi
1574 2414 1655 2446 vo-

213 2465 387 2513 luerit.
1508 2489 1512 2492 ·

293 2534 359 2581 R.
393 2533 459 2580 ad
486 2534 527 2579 1.
585 2531 633 2580 S.
673 2532 944 2596 Gregorius
979 2531 1193 2596 loquitur
1240 2533 1301 2580 de
1350 2532 1656 2592 matrimonio

227 2609 584 2655 consummat0‚
624 2614 677 2647 ut
713 2610 850 2662 patet>
880 2617 942 2647 ex
984 2599 1087 2647 istis
1123 2600 1250 2647 illius
1287 2601 1478 2658 verbis:
1514 2600 1660 2648 Post·

228 2684 367 2732 quom
392 2666 682 2729 copulatione
705 2668 912 2731 conjugii
930 2667 1023 2727 ’oiri
1041 2683 1094 2714 ac
1110 2667 1329 2716 multeris
1325 2684 1479 2730 unum
1495 2673 1658 2732 corpus

230 2734 440 2799 efficitur,
479 2750 569 2781 non
609 2741 799 2795 potest
819 2752 874 2781 ea:
913 2740 1056 2798 porte
1101 2734 1305 2782 converti
1345 2738 1389 2782 et
1424 2752 1480 2781 esc
1520 2742 1659 2798 parte

230 2805 281 2849 in
318 2798 482 2849 soeculo
516 2816 777 2847 remanaye.
848 2801 972 2848 Cum
1002 2810 1164 2848 autem
1208 2801 1274 2848 ait
1300 2803 1470 2878 Legem
1494 2801 1653 2849 huma-

233 2885 344 2916 nam
390 2867 645 2915 concedere
666 2867 1047 2914 dissolutionem
1080 2869 1436 2926 matrimonii,
1460 2867 1658 2931 respicit

229 2936 293 2983 ad
319 2933 550 2998 quasdam
579 2933 935 2996 Imperatoium
972 2933 1153 2996 Leges.

300 3003 382 3052 Ad
404 3002 450 3051 2.
488 2999 675 3049 Eadem
705 3010 778 3049 est
813 3000 1079 3065 responsio.

1581 3067 1662 3117 Ad
