1846 3250
473 122 480 127 ⁸
524 160 621 209 DE
659 158 1157 209 MATRrMONro.
1455 152 1594 208 335.

150 290 237 338 sed
263 291 408 341 etiam
430 286 954 358 ilibidinisvexplend'ae
985 309 1142 342 causa
1163 313 1181 349 ;-
1210 291 1324 356 quia
1354 290 1576 356 perinde,

153 373 464 423 quocumque
489 360 636 408 modo
660 360 761 418 fiat,
788 361 1001 410 libertati
1026 360 1316 409 matrimonii
1342 359 1509 408 officit.

99 444 102 448 ’
152 425 454 474 Βίοἰωταίοῡ·
489 428 537 476 υἱ
576 435 658 476 aut
697 429 962 477 seductione
980 431 1143 493 fizcta.
1215 426 1347 474 Hinc
1389 427 1577 490 duplex

150 503 316 555 raptus
340 492 670 558 distinguitur,
706 495 950 543 v-iolentiae
975 506 1026 543 et
1049 494 1366 543 seductionis.
1436 494 1577 542 Prior

150 571 225 606 est
249 575 361 607 cum
388 563 553 624 puella
576 562 726 609 invita
762 572 813 610 et
837 563 1082 610 reluctans
1111 561 1386 609 abducitur.
1459 562 1577 610 Pos-

139 621 313 685 terior,
353 645 463 675 cum
503 629 750 678 blanditiis
791 639 842 677 et
867 630 1147 693 voluptatis
1194 629 1444 686 illecebra,
1489 639 1575 676 aut

136 708 456 757 (quocumque
494 697 589 745 alio
630 695 1081 753 motivo‘seducta,
1120 697 1459 756 consentiens,
1485 695 1574 744 sed

147 759 308 809 invitis
333 763 389 810 iis
413 779 441 810 a
467 765 640 827 quibus
667 764 867 827 pendet,
903 775 1144 827 raptorem
1172 764 1404 824 sequitur.

220 829 410 884 Quoeres
441 833 511 877 10·
565 848 625 880 an
662 841 830 895 raptus
869 831 1114 879 violentiae
1153 831 1215 878 sit
1256 829 1575 894 impedimen-

147 903 250 941 tum
278 896 506 946 dirimens
531 898 887 946 matrimonium
912 899 936 945 P
1413 905 1416 909 ⁴

217 963 278 1010 R.
302 965 708 1029 affirmative—post
736 966 926 1014 Concil.
953 966 1087 1012 Trid.
1111 980 1228 1013 sess.
1254 965 1334 1011 24.
1369 963 1433 1013 de
1473 965 1572 1029 Re,-

144 1027 285 1074 form.
303 1046 423 1093 rcap.
448 1033 580 1079 6.ubi
604 1033 691 1080 sic.
714 1033 921 1095 legitur:
959 1034 1187 1081 Desernit
1219 1039 1380 1079 sancta
1424 1034 1575 1096 Syno-

145 1096 231 1143 das
255 1097 379 1145 inter
401 1107 632 1163 raptorem
657 1107 702 1147 et
725 1106 923 1164 raptam,
962 1101 1170 1164 quandiu
1193 1099 1293 1162 ipsa
1319 1100 1368 1146 in
1401 1107 1574 1163 potest-

144 1170 243 1209 tate
263 1167 470 1229 raptoris
494 1168 731 1222 manserit,
769 1166 943 1215 nullum
973 1184 1109 1231 posse
1131 1167 1377 1215 consistere
1412 1167 1575 1214 matri-

142 1231 363 1279 monium.
438 1234 574 1289 Quod
610 1235 652 1281 si
691 1243 829 1299 rapta
876 1253 905 1281 α
944 1243 1135 1297 raptore
1171 1242 1406 1297 separata,
1443 1242 1487 1281 et
1521 1235 1571 1281 in

143 1295 241 1345 loco
276 1305 376 1347 tuto
416 1308 462 1347 et
494 1300 638 1349 libero
670 1303 938 1358 constituta,
975 1301 1103 1349 illum
1143 1303 1192 1349 in
1227 1301 1381 1354 virum
1403 1300 1573 1349 habere

143 1367 439 1422 consenserit,
477 1384 578 1415 eam
619 1377 784 1433 raptor
823 1370 1062 1417 iuna-orem
1102 1369 1270 1416 habeat
1291 1388 1309 1416 .-
1339 1376 1390 1416 >³613
1432 1368 1573 1416 nihil-

143 1432 324 1479 ominus
359 1442 525 1498 raptor
556 1436 654 1501 ipse
693 1444 739 1483 et
762 1453 917 1484 omnes
950 1435 1023 1484 illi
1060 1434 1302 1484 concilium
1343 1434 1571 1483 auoeilium

138 1505 187 1545 et
207 1500 432 1562 fawrem
466 1503 729 1567 praebentes
767 1504 862 1551 sint
895 1504 994 1568 ipso
1014 1507 1134 1567 jure
1168 1503 1570 1550 excommunicati.

142 1567 255 1620 Quo
281 1568 502 1616 Decreto
543 1579 759 1617 veterem
807 1570 1117 1633 disciplinam>
1152 1584 1293 1617 sacra
1342 1568 1569 1633 Synodus

141 1648 319 1696 magna
345 1649 405 1682 ex
443 1646 582 1699 parte
606 1636 873 1693 renovavit,
910 1637 996 1683 sed
1025 1647 1186 1684 tamen
1213 1636 1262 1682 in
1299 1651 1397 1684 una
1430 1646 1571 1699 parte

141 1702 466 1763 temperavit3
500 1719 618 1751 -cum
662 1703 774 1750 olim
802 1704 1021 1766 Legibus
1061 1704 1281 1751 civilibus
1309 1713 1369 1751 ,et
1404 1703 1571 1752 eccle-

138 1768 342 1816 siasticis
379 1772 563 1835 raptori
603 1787 850 1835 nunquam
876 1773 1057 1820 liceret
1073 1781 1260 1835 raptam
1286 1770 1334 1817 in
1362 1786 1567 1818 uxorem

122 1835 338 1900 ducere.
1345 1840 1353 1846 ⁸

206 1904 351 1952 Patet
416 1907 493 1951 1⁰·
532 1921 596 1952 ex
641 1905 796 1953 Conc.
841 1904 976 1952 Trid.
1016 1905 1177 1953 verbis
1212 1903 1343 1966 quod
1380 1902 1568 1952 etiamsi

136 1968 290 2032 virgo,
326 1982 440 2018 ante
480 1971 836 2020 restitutionem
884 1972 932 2018 in
979 1973 1141 2020 locum
1190 1982 1366 2029 tutum,
1419 1972 1567 2019 liber-

138 2036 257 2084 rime
293 2039 609 2093 consentiret,
645 2039 907 2086 invalidum
947 2039 1257 2087 nihilominus
1297 2039 1426 2102 foret
1464 2055 1568 2087 ma-

139 2104 434 2153 trimonium.
506 2106 605 2155 Sed
645 2106 686 2153 si
723 2117 833 2170 post
859 2107 1217 2156 restitutionem
1243 2107 1563 2166 consenserit,

140 2181 258 2219 tunc
284 2173 464 2220 valebit
489 2174 788 2236 conjugium.

140 2270 149 2277 -
207 2239 351 2287 Patet
388 2245 468 2288 20·
503 2257 582 2289 ex*
607 2242 766 2289 verbis
805 2242 1021 2303 ejusdem
1066 2241 1275 2290 Concilii
1316 2250 1592 2306 raptorem.

133 2305 358 2369 illiusque
417 2309 727 2371 coadjutores
784 2310 1338 2358 excommunicationem
1404 2310 1566 2357 incur-

135 2390 260 2431 rere,
315 2375 504 2423 etiamsi
551 2387 724 2440 postea
767 2388 935 2440 raptor
980 2378 1227 2426 foeminum
1275 2387 1463 2440 raptam
1512 2376 1562 2422 in

134 2458 334 2489 uxorem
392 2442 570 2491 ducat:
629 2452 674 2492 et
730 2444 1028 2493 nihilominus
1084 2454 1248 2506 raptor
1304 2445 1416 2508 ipse,
1470 2448 1560 2491 &c-

134 2509 280 2556 Unde
322 2510 439 2556 nihil
475 2511 538 2559 ad
579 2511 893 2559 obtinendam
931 2512 1286 2560 absolutionem
1334 2510 1561 2559 omittere

131 2576 330 2623 debent.

206 2644 394 2697 aneres
435 2645 515 2690 20·
552 2654 711 2693 utrum
753 2655 921 2710 raptus
956 2645 1255 2695 seductionis
1295 2647 1357 2693 sit
1392 2644 1565 2692 imerii-⁴

131 2721 347 2758 mentum
375 2711 637 2761 dirimens?

202 2778 263 2824 R.
300 2778 578 2842 Theologos
604 2790 879 2839 extraneos,
916 2780 1089 2843 quibus
1125 2780 1339 2829 adhaeret
1377 2780 1561 2828 Cabas-

131 2843 302 2900 sutius,
345 2846 491 2909 vulgo
539 2847 817 2896 existimare
864 2850 1019 2897 solum
1071 2848 1310 2896 violentiae
1348 2857 1558 2908 raptum,

131 2926 227 2958 non
265 2928 380 2961 vero
421 2913 734 2975 seductionis,
771 2916 819 2962 in
860 2927 1023 2971 mente
1050 2915 1256 2965 Concilii
1284 2912 1558 2971 Tridentini

181 3003 184 3008 v
1331 2980 1556 3029 dirimere
