1846 3250
192 158 291 222 488
689 164 1123 223 TRAC-TATUS

126 350 128 361 J
265 300 331 349 R.
357 302 422 355 2⁰·
472 313 567 352 nec
608 300 856 364 puerperii
881 310 1093 367 tempus,
1127 317 1222 351 nec
1264 301 1479 352 mulieris
1524 318 1634 367 gra-

197 368 390 425 viditas,
426 382 520 417 nec
561 366 723 424 fluxus
766 379 1058 428 menstruus,
1113 370 1260 419 modo
1299 381 1462 419 tamen
1505 372 1633 420 absit

198 436 471 500 periculum
511 450 629 481 mox
667 447 1008 492 memoratum,
1043 438 1338 490 sufficientes
1376 455 1481 487 esse
1507 454 1635 487 cau·

202 520 279 551 sas
319 501 470 551 debiti
513 502 808 565 denegandi,
845 503 884 551 si
909 514 1082 568 petens
1112 505 1356 569 praemisse
1381 506 1635 555 monitioni

203 588 303 631 non
327 569 646 633 acquiescens
684 570 1009 619 redditionem
1052 584 1241 636 urgeat.
1312 573 1636 622 Itavcommu-

201 638 330 687 niter
377 638 640 686 Doctores.
726 638 873 686 Ratio
916 655 1092 687 eorum
1142 650 1218 688 est
1266 640 1382 703 quia
1429 640 1636 704 quisque

202 716 398 754 tenetur
435 705 614 768 cuique
639 704 846 753 reddere
872 706 1001 768 quod
1037 723 1177 755 suum
1204 717 1294 763 est,
1336 708 1485 756 modo
1523 723 1638 770 pro·

203 774 366 824 babile
392 789 490 826 non
516 773 576 820 sit
602 788 714 820 eum
739 782 909 850 petere
938 783 990 822 ut
1015 774 1155 825 alteri
1194 784 1402 831 noceat3
1436 776 1634 836 hocque

203 841 419 889 maxime
444 856 611 889 verum
638 849 714 889 est
753 842 802 887 in
845 841 1070 903 praesenti
1112 858 1244 899 casu,
1284 842 1365 890 ubi
1397 859 1461 890 ex
1487 842 1636 901 dene-

205 909 403 971 gatione
441 907 593 955 debiti
632 923 781 970 grave
805 908 977 994 marito
1019 908 1295 958 immineret
1330 908 1638 958 incontinen-

206 977 286 1025 tiae
311 975 601 1039 periculum.
1188 1012 1191 1014 .

211 1076 217 1099 z
273 1044 385 1091 Nec
427 1042 619 1090 dicatur
660 1058 690 1088 a
729 1051 939 1105 peccato
981 1042 1207 1091 excusari
1232 1059 1329 1090 non
1354 1059 1498 1107 posse
1524 1060 1637 1092 eum

210 1110 293 1173 qui
341 1108 539 1159 alterius
583 1119 792 1172 peccato
851 1109 1111 1166 consentit,
1170 1121 1317 1173 prout
1365 1111 1641 1160 consentire

205 1178 406 1228 ,videtur
441 1176 525 1240 qui
562 1175 732 1224 illicite
774 1178 962 1240 petenti
999 1176 1219 1225 debitum
1261 1177 1441 1236 reddit,
1485 1178 1644 1228 illum-

212 1261 309 1308 que
359 1245 403 1293 ei
441 1244 645 1292 similem
684 1260 791 1293 esse
844 1243 925 1306 qui
971 1244 1154 1292 furioso
1202 1245 1433 1309 gladium
1467 1245 1645 1293 reddi&

209 1311 444 1367 Quamvis
478 1312 608 1361 enim
645 1310 694 1359 in
733 1311 943 1375 praefatis
984 1312 1176 1360 casibus
1212 1322 1392 1377 peccet
1428 1313 1644 1371 maritus,

206 1379 431 1430 ,debitum
482 1379 741 1441 conjugale
800 1379 1111 1443 postulando,
1166 1397 1263 1428 non
1305 1389 1469 1428 tamen
1519 1395 1644 1433 uxor

210 1447 342 1495 illius
367 1446 621 1502 reddendo
647 1445 867 1495 debitum
893 1456 1123 1496 censetur
1148 1446 1275 1495 illius
1295 1458 1504 1510 peccato
1530 1464 1648 1496 con-

214 1515 415 1564 sentire.
488 1513 637 1563 Ratio
675 1524 750 1562 est
784 1513 898 1577 quia
933 1513 1107 1563 marito
1143 1514 1305 1564 reddit
1329 1515 1463 1577 quod
1504 1514 1553 1562 in
1595 1530 1648 1563 se

207 1587 393 1643 Justum
430 1591 504 1629 est
541 1579 702 1629 reddit
737 1582 797 1629 ad
825 1582 1047 1645 graviora
1070 1582 1198 1631 mala
1221 1582 1434 1639 vitanda,
1470 1598 1648 1646 nempe

215 1650 365 1706 rixas,
404 1648 618 1705 dissidia,
656 1648 813 1694 mariti
838 1646 1242 1697 incontinentiam
1267 1665 1326 1696 ac
1349 1649 1478 1697 forte
1513 1649 1651 1696 adul-

213 1715 408 1764 terium.
480 1712 615 1760 Nihil
661 1713 808 1775 igitur
846 1714 1051 1790 impedit
1094 1715 1358 1776 quominus
1393 1715 1565 1763 mulier
1600 1716 1650 1762 in

214 1782 488 1830 remedium
534 1778 927 1843 gravissimorum
984 1781 1186 1829 istorum
1236 1782 1489 1832 malorum
1532 1798 1648 1829 con-

212 1849 409 1907 sentiat,
446 1848 725 1895 nullatenus
759 1864 877 1896 vero
921 1846 969 1893 in
1010 1848 1192 1895 malum
1247 1848 1402 1896 levius
1444 1849 1576 1912 quod
1622 1865 1652 1901 a

214 1918 320 1964 viro
363 1915 584 1963 debitum
620 1914 810 1978 petenti
849 1914 1136 1963 admittitur.
1226 1914 1308 1963 Sic
1354 1915 1473 1963 licet
1521 1917 1650 1969 Usu-

221 1984 375 2032 rarius
411 1999 581 2030 usuras
618 1982 795 2044 injuste
837 1982 1023 2044 exigat,
1061 1996 1142 2029 eas
1169 1990 1331 2030 tamen
1355 1982 1658 2033 licitesolvit

223 2052 308 2114 qui
332 2051 496 2113 inopia
520 2065 714 2113 pressus
738 2051 828 2097 sub
864 2049 1055 2097 foenore
1080 2058 1249 2101 mutue
1273 2050 1485 2113 accepit.
1560 2049 1656 2112 Igi-

223 2131 305 2166 tur
342 2128 396 2166 ut
435 2116 609 2164 mulier
650 2116 711 2163 sit
752 2116 977 2164 immunis
1014 2133 1043 2164 a
1082 2127 1308 2178 peccam,
1345 2117 1460 2169 satis
1503 2127 1577 2164 est
1602 2125 1655 2164 ut

230 2190 493 2248 conjugem
533 2184 596 2231 de
635 2193 766 2230 statu
808 2200 897 2231 suo
939 2193 1150 2240 moneat,
1190 2200 1401 2246 eumque
1435 2184 1657 2231 hortetur

222 2263 280 2300 ut
303 2252 352 2298 in
378 2251 512 2298 hisce
539 2249 915 2297 circumstantiis
940 2252 1000 2298 ab
1043 2266 1135 2297 usu
1175 2251 1468 2299 matrimonii
1508 2250 1654 2310 absti-

216 2329 356 2366 neat.
432 2318 579 2372 Quod
603 2317 641 2364 si
667 2316 737 2363 vir
761 2317 988 2375 noluerit,
1026 2317 1131 2379 ipsa
1155 2318 1424 2379 conjugalis
1455 2318 1660 2366 societa-

223 2387 285 2434 tis
311 2385 604 2434 necessitate
629 2394 908 2432 excusatur.

299 2451 615 2515 Comparatio
646 2451 781 2497 nulla
817 2461 906 2507 est,
946 2451 1060 2513 quia
1098 2449 1307 2497 furiosus
1341 2451 1504 2512 gladio
1540 2452 1655 2498 abu-

230 2536 373 2570 surus
415 2528 490 2567 est
529 2518 578 2566 in
623 2516 840 2565 Proximi
878 2527 1269 2571 nocumentumw
1314 2518 1386 2566 At
1410 2518 1458 2564 in
1496 2518 1667 2581 praefa-

214 2589 294 2641 Ltis
320 2587 512 2635 casibus
538 2584 829 2633 matrimonii
852 2599 966 2632 usus
989 2584 1110 2631 illud
1135 2584 1283 2633 habet
1306 2585 1488 2633 bonum
1531 2585 1662 2648 quod

216 2653 681 2717 ⁴concupiscentiam
734 2650 1010 2716 extinguat,
1043 2649 1231 2714 virique
1273 2652 1484 2715 petentis
1525 2651 1663 2715 spiri-

230 2723 362 2774 tuale
388 2721 616 2769 damnum
642 2730 844 2766 avertat.

300 2788 550 2847 Immerito
576 2803 637 2834 ex
665 2795 915 2849 praecepto
951 2783 1178 2844 Levitici,
1215 2802 1267 2834 c
1286 2787 1367 2833 20.-
1395 2802 1440 2832 v*
1469 2786 1550 2832 21.
1576 2785 1658 2833 ubi

221 2859 325 2906 sub
352 2854 642 2920 gravissimis
685 2854 841 2916 poenis
878 2853 1165 2916 prohibetur
1197 2852 1283 2900 viri
1322 2853 1395 2900 ad
1409 2852 1661 2900 mulierem

237 2933 583 2974 menstruatam
610 2935 855 2982 accessuS,
893 2920 1177 2971 conclusum
1204 2929 1292 2970 est
1301 2935 1330 2969 a
1355 2903 1660 3035 ᾳμὶξὶυεᾴἶω.

1479 2996 1565 3033 atri
1607 3000 1660 3032 us
