1846 3250
501 104 599 154 DE
638 104 1140 157 MATRIMONJO.
1330 101 1336 180 j
1465 100 1568 154 341

140 238 233 286 sint
260 238 393 305 quod
422 254 476 287 se
516 247 630 286 ante
655 237 784 289 illam
827 247 1136 301 perpetrasse
1174 236 1568 293 declaraverunt,

139 306 301 357 valere
342 303 652 371 ‚nihil0minus
669 305 1096 371 dispensationem,
1135 321 1228 354 nec
1263 319 1436 351 novam
1485 318 1567 350 re-

144 373 284 437 quiri,
310 372 409 420 sive
428 381 540 420 ante
565 372 666 422 sive
689 382 800 436 post
823 369 1207 420 fulminationem
1244 388 1331 420 seu
1358 365 1566 420 Sentem

141 441 255 486 tiam
279 438 511 489 Officialis
528 439 705 502 relapsi
724 438 931 487 fuerint·
967 440 1024 485 in
1032 439 1186 502 primo
1212 438 1409 501 quidem
1429 452 1563 493 casu,

144 505 255 568 quia
290 519 388 553 non
428 506 690 570 requiritur
728 516 781 554 ut
829 506 1131 572 exprimatur.
1170 506 1353 553 crimen
1402 502 1565 569 quoad

143 583 416 630 numerum,
453 590 546 621 nec
566 590 629 621 ex
655 589 780 622 novo
804 572 897 621 isto
923 573 1123 621 crimine
1147 589 1326 620 novum
1361 570 1570 635 impedi·-

141 651 358 691 mentum
385 640 629 689 nascitur:
665 641 714 687 iii
756 640 991 697 secundo,
1028 640 1139 701 quia
1168 655 1389 702 personae
1411 638 1565 701 impe·

143 717 327 755 trantes
351 723 438 770 per
464 707 831 771 dispensationis
859 706 1160 755 Sententiam
1195 706 1341 753 factae
1365 715 1476 754 sunt
1501 705 1571 753 ad⁴

144 775 527 824 contrahendum
575 775 778 831 habiles,
822 791 924 822 nee·
961 790 1049 838 per
1097 789 1275 820 novum
1321 774 1565 821 incestum

142 840 286 888 factae
310 852 422 889 sunt
459 842 523 890 ad
559 831 945 890 contrahendum
969 840 1223 897 inhabiles,
1260 856 1373 887 cum
1408 840 1566 887 inces-

141 917 218 955 tus
243 908 388 955 hodie
411 925 507 955 non
535 919 841 971 computetur
876 907 1001 956 inter
1023 905 1374 970 impedimenta
1400 904 1565 953 matri-

141 974 305 1021 monii.
376 975 452 1022 Ita
476 976 663 1023 definiit
686 991 824 1022 sacia
849 973 1198 1038 Congregatio.

209 1043 459 1094 Quantum
484 1041 547 1089 ad
571 1042 869 1096 affinitatem,
906 1041 1070 1089 idem
1061 1058 1108 1087 m
1134 1056 1194 1088 ea
1217 1037 1385 1103 quod
1374 1055 1422 1085 1n
1447 1054 1567 1102 cog-

142 1108 341 1155 natione
364 1109 542 1156 servari
568 1109 817 1172 postulant
843 1109 1083 1156 Ecclesiae
1117 1108 1360 1162 Canones,
1405 1106 1569 1157 Curiae

142 1175 377 1223 Romanae
431 1176 586 1239 stylus
644 1184 695 1224 et
753 1175 1020 1223 communis
1069 1176 1342 1223 Doctorum
1403 1173 1568 1236 opinio

147 1242 292 1291 Unde
318 1258 380 1290 ex
406 1242 462 1289 iis
486 1259 595 1306 quae
619 1243 765 1291 modo
789 1242 922 1291 dicta
946 1253 1076 1298 sunt,
1110 1242 1255 1290 facile
1278 1240 1568 1303 intelligitur

145 1308 263 1373 quid
290 1309 420 1358 circa
444 1309 846 1373 impedimentum
871 1309 1131 1368 affinitatis,
1157 1314 1295 1371 cujus
1320 1308 1570 1372 dispensa-

144 1378 213 1425 tio
236 1378 526 1441 postulatur,
562 1377 935 1442 exprimendum
959 1377 1039 1427 sit.

213 1445 358 1496 Circa
380 1445 739 1528 cognationem
761 1445 1059 1529 spiritualem
1096 1441 1470 1515 exprimendum
1495 1455 1572 1496 est

146 1516 220 1564 10·
259 1533 320 1565 an
353 1517 414 1566 sit
450 1519 579 1565 inter
603 1518 960 1595 suscipientem
998 1530 1047 1567 et
1083 1533 1341 1583 personam
1369 1525 1571 1580 suscep-

143 1593 257 1642 tam,
318 1600 379 1632 an
438 1601 554 1633 vero
600 1585 728 1634 inter
773 1586 1097 1650 sucipientem
1157 1594 1208 1633 et
1253 1593 1441 1647 patrem
1492 1584 1572 1633 vel

143 1657 601 1716 matremper'sonae'
627 1658 884 1716 sus'ceptae.
955 1653 1123 1701 Multo
1164 1652 1291 1700 enim
1330 1650 1572 1700 difficilius

143 1719 552 1783 dispensaturfin
600 1721 747 1783 priori
801 1736 918 1768 casu
976 1736 1063 1768 seu
1113 1719 1241 1767 inter
1282 1728 1469 1783 patrem
1521 1729 1573 1768 et

142 1785 290 1835 filiam
332 1786 651 1850 spiritualem,
696 1786 840 1850 quam
900 1788 949 1833 in
1006 1786 1261 1850 posteriori
1322 1802 1438 1833 casu
1483 1802 1574 1835 seu

143 1854 269 1901 inter
294 1861 595 1917 compatrem
621 1863 670 1901 et
697 1864 900 1902 matrem
927 1854 1146 1915 ejusdem
1181 1852 1307 1900 filiae.
1378 1855 1461 1899 20·
1487 1855 1574 1901 An

144 1920 326 1982 duplex
357 1920 420 1967 sit
455 1921 684 1983 cognatio
721 1921 1000 1985 spiritualis,
1037 1938 1083 1967 v.
1111 1937 1158 1983 g.
1197 1921 1235 1968 si
1279 1934 1343 1968 ex
1380 1919 1574 1982 duobus

145 1987 271 2034 alter
295 1987 494 2034 alterius
518 1988 704 2051 prolem
733 1998 783 2035 et
809 1988 916 2036 vice
951 2004 1090 2036 versa
1131 1986 1419 2051 susceperit.
1490 1990 1573 2044 30·

145 2053 365 2100 Necesse
405 2069 504 2100 non
545 2063 618 2102 est
657 2054 933 2118 exprimere
971 2065 1132 2103 utrum
1170 2055 1276 2118 quis
1312 2071 1460 2102 unum
1495 2050 1574 2102 vel

146 2120 329 2183 plures
345 2120 565 2182 eJusdum
600 2120 724 2169 filios
760 2122 809 2167 in
846 2121 1097 2193 Baptismo
1145 2123 1222 2169 vel
1261 2122 1571 2170 Confirmati-

148 2202 241 2234 one
265 2188 551 2250 susceperit,
588 2187 698 2249 quia
721 2188 835 2235 inde
870 2205 968 2247 non
1007 2199 1237 2237 censetur
1259 2188 1575 2252 multiplicari

148 2254 378 2316 cognatio
423 2253 699 2317 spiritualis,
737 2254 806 2302 uti
854 2255 1119 2304 declaravit
1167 2257 1395 2304 Clemens
1430 2256 1573 2303 VIII.

149 2323 224 2366 40·
251 2319 359 2368 Nec
385 2323 530 2368 etiam
554 2336 756 2369 necesse
781 2332 873 2377 set,
902 2327 1050 2384 juxta
1084 2323 1279 2378 multoe,
1322 2322 1575 2369 declarare

147 2401 208 2433 an
250 2388 477 2450 cognatio
519 2388 781 2452 spiritualis
823 2405 884 2436 ex
910 2390 1167 2455 Baptismo
1200 2390 1275 2436 vel
1303 2388 1575 2437 Confirma-

146 2454 278 2508 tione
327 2455 622 2517 provenerit,
660 2455 774 2519 quia
820 2472 897 2504 res
945 2456 1064 2503 nihil
1111 2449 1188 2504 vel
1236 2472 1408 2520 parum
1457 2454 1572 2504 inde

146 2520 377 2568 mutatur.

218 2586 360 2634 Circa
393 2587 794 2651 impedimentum
843 2588 1110 2636 honestatis
1145 2588 1372 2653 publicae,
1408 2588 1574 2637 decla-

149 2652 351 2699 randum
396 2664 469 2701 est
510 2671 570 2702 an
609 2672 676 2703 ex
712 2656 1034 2732 sponsalibuS,
1070 2672 1130 2704 an
1168 2673 1232 2704 ex
1264 2656 1572 2704 matrimonio

150 2718 211 2765 sit
236 2719 422 2777 adorta,
457 2731 505 2784 et
531 2738 628 2784 quo
654 2721 716 2769 sit
751 2723 799 2768 in
825 2723 997 2785 gradu.

221 2786 366 2834 Circa
405 2786 617 2834 criminis
660 2788 1058 2851 impedimentum
1106 2787 1282 2853 aperiri
1319 2788 1468 2836 debet
1507 2803 1569 2836 an

148 2851 209 2899 sit
236 2868 299 2902 ex
336 2853 691 2907 machinatione
727 2857 967 2921 conjugiS,
988 2872 1066 2904 an
1098 2873 1213 2904 vero
1248 2856 1350 2903 sine
1386 2854 1589 2921 machi·

1368 2915 1565 2968 nanone
