1846 3250
265 172 359 219 136
765 170 1192 222 TRACTATUS

268 306 451 353 noviter
473 303 751 354 ordinasse:
790 307 920 370 quod
965 308 1243 357 nullatenus
1289 305 1472 357 indicat
1518 322 1678 359 veram

268 372 635 421 ordinatione-m
660 374 748 421 sed
772 375 1107 424 adumbratam
1145 377 1559 424 consecrationem
1585 375 1682 440 qu'a

264 441 312 485 in
340 440 523 503 priores
549 442 727 504 gradus
752 443 1137 501 restituerentur,
1162 462 1248 493 seu
1268 444 1675 500 benedictionem,

265 509 312 554 in
353 524 449 572 qua
486 508 632 558 iidem
673 510 776 559 fere
817 511 1171 604 adhibebantur
1210 512 1344 570 ritus,
1384 513 1464 577 qui
1498 512 1546 559 in
1570 514 1676 577 ipsa

263 576 598 626 ordinatione.

331 645 394 692 Et
419 662 533 693 vero
573 646 610 694 si
651 646 756 694 Leo
780 647 869 694 IX.
908 664 1023 696 vere
1063 648 1373 704 ordinaverit,
1409 648 1670 698 dicendum

260 727 335 760 est
360 713 409 760 id
433 713 580 762 fuisse
612 715 672 762 ab
716 731 774 762 eo
816 716 997 764 factum
1043 716 1105 764 ad
1141 721 1369 778 maiorem
1395 718 1668 766 cautionem

259 792 464 839 tantum,
501 792 551 830 et
575 785 688 845 quia
730 784 946 831 nonnulli
985 784 1047 832 de
1075 784 1443 833 Ordinationum
1480 785 1669 832 illarum

259 850 507 898 validitate
532 850 833 909 dubitabant,
872 868 965 899 non
992 853 1122 916 quod
1147 852 1250 917 ipse
1276 853 1534 901 dubitaret.
1659 860 1661 863 ⁴

334 918 440 984 Obj.
465 922 512 966 6
553 919 822 981 Gregorius
855 920 1053 967 V11.in
1081 921 1304 969 Concilio
1343 922 1484 969 Rom.
1509 924 1556 969 5.
1592 936 1668 967 an.

258 989 403 1034 1078.
439 1002 545 1034 can.
564 992 612 1034 4.
650 987 993 1036 Ordinationes
1017 989 1302 1043 simoniacas
1327 990 1552 1053 dijudicat
1573 1004 1668 1037 esse

251 1054 463 1115 &firmas
485 1063 530 1103 et
554 1055 733 1103 irertas
807 1056 956 1133 ΕΓΗὲο,
983 1061 1072 1104 &c-

321 1123 386 1170 R.
411 1124 501 1171 dist
539 1124 607 1172 Ut
633 1122 834 1180 centies,
870 1125 1025 1172 irritas
1056 1134 1288 1188 quantum
1325 1124 1383 1171 ad
1411 1125 1665 1173 executio·-

251 1205 382 1243 nem,
417 1209 540 1239 conc.
571 1202 803 1254 quantum
829 1191 888 1239 ad
918 1192 1268 1247 characterem,
1305 1210 1407 1258 neg.

324 1259 425 1321 Oly‘.
451 1261 530 1308 70.
582 1260 806 1307 Urbanus
832 1261 901 1307 ΙΙ.
938 1276 1104 1308 versus
1139 1260 1283 1307 finem
1308 1259 1473 1307 saeculi
1504 1263 1578 1307 ll.
1613 1259 1672 1310 in*

252 1325 409 1389 Epist.
450 1326 514 1373 ad
538 1327 737 1374 ‘Petrum
770 1328 1109 1375 Pistoriensem
1137 1328 1434 1392 Episcopum
1460 1337 1510 1375 et
1537 1328 1663 1375 Rus-

249 1395 398 1441 ticum
444 1396 689 1442 Abbatem
716 1396 866 1443 Vallis
902 1397 1169 1453 Umbrosae,
1206 1396 1410 1444 moleste
1448 1396 1662 1443 ferentes

249 1463 382 1527 quod
404 1463 486 1510 ille
504 1463 731 1511 Pontifex
747 1463 1032 1512 Daibertum
1055 1464 1309 1528 quemdam
1336 1480 1364 1512 a
1390 1464 1660 1511 Nizeleone

248 1530 496 1579 Simoninc
524 1543 868 1579 consecratum
917 1549 1105 1580 rursum
1149 1533 1432 1589 ordinasset,
1469 1532 1535 1579 sic
1575 1532 1659 1579 ha-

251 1600 337 1645 bet
362 1598 493 1662 apud
514 1599 799 1646 Gratianum
828 1604 859 1647 2
883 1611 1005 1662 part.
1031 1600 1233 1647 Decreti
1261 1617 1406 1648 causa
1430 1600 1461 1647 l.
1485 1609 1656 1664 quaest.

247 1667 292 1715 7.
318 1683 362 1713 c..
392 1668 473 1713 24.
542 1667 819 1714 Daibertum
845 1685 873 1714 a
894 1667 1118 1716 Nizelone
1141 1667 1242 1715 licet
1268 1669 1538 1725 Simoniaco,
1565 1684 1656 1716 non

243 1735 751 1799 simoniaeesejusdem
792 1737 1071 1800 confessione
1110 1735 1364 1796 reperimus
1402 1737 1452 1783 in
1478 1735 1656 1783 Diaco-

245 1820 352 1849 num
389 1804 667 1857 ordinatum,
711 1810 754 1850 et
778 1803 914 1860 beati,
953 1804 1214 1851 Innocentii
1236 1804 1390 1865 Papoe
1428 1803 1655 1851 sententia

240 1878 423 1918 constat
446 1869 725 1918 declaratam
750 1872 873 1935 quod
900 1870 1064 1920 Nr'zelo
1097 1888 1226 1936 quem
1251 1878 1427 1918 constat
1451 1870 1508 1918 ab
1535 1871 1653 1917 Hoe-

242 1937 396 1987 reticis
420 1938 698 1994 ordinatum,
742 1939 850 2004 qaia
874 1939 992 1987 nz'lzz‘t
1013 1939 1186 1996 habuit,
1214 1938 1334 1986 nilzit
1354 1940 1469 1987 dare
1497 1938 1651 2002 potuit

240 2007 284 2053 ei
318 2007 394 2054 cui
429 2022 594 2054 manus
632 2007 861 2071 imposuit.
936 2009 1035 2054 Nos
1074 2007 1221 2072 igitur
1254 2007 1376 2054 tanti
1404 2005 1652 2068 Pontfficis

238 2074 516 2121 auctoritate
530 2075 736 2135 firmati,
773 2082 817 2121 et
841 2074 1051 2122 Damasi
1069 2076 1220 2139 Papae
1243 2074 1498 2122 testimonio
1521 2074 1650 2121 robo-

239 2142 349 2197 rati,
387 2143 470 2206 qui
491 2143 560 2188 ait
578 2160 595 2189 .-
631 2142 850 2190 reiterari
868 2150 1050 2204 oportet
1074 2143 1201 2206 quod
1232 2142 1349 2189 male
1370 2150 1520 2189 actum
1543 2150 1611 2188 est
1626 2162 1647 2196 ,-

237 2209 516 2259 Daibertum
540 2208 598 2256 ab
627 2210 878 2257 Hoereticis
900 2227 1089 2273 corpore
1123 2217 1167 2257 et
1202 2210 1369 2273 spiritu
1392 2210 1646 2274 digressum

236 2297 291 2324 ex
312 2278 508 2342 'integro
557 2276 787 2334 Ecclesiae,
824 2286 1016 2341 urgente
1061 2278 1341 2331 necessitate,
1381 2278 1644 2324 Diaconum

235 2346 592 2394 constituimus·
573 2381 589 2401 ,
630 2348 753 2410 quod
785 2362 877 2392 ‘non
876 2317 1238 2392 &reiterationem
1265 2343 1519 2394 existimari
1540 2359 1644 2390 cen-

235 2429 402 2470 semus,
438 2413 521 2460 sed
542 2419 719 2459 tantum
753 2412 982 2478 integram
1016 2411 1216 2459 diaconii
1234 2410 1500 2466 dationem5
1538 2427 1646 2474 qua·

230 2482 376 2535 oziam,
416 2488 464 2529 ut
493 2479 819 2543 Ρνίειίἰωὶηιαε,
862 2481 944 2545 qui
989 2478 1108 2527 m‘lzzl
1151 2476 1497 2534 habuit,nil1it
1529 2481 1644 2526 dare

222 2548 396 2613 potuit.
468 2547 617 2610 Ergo,
654 2551 744 2595 διο.

300 2615 366 2662 Ε.
401 2614 629 2677 Quisquis
675 2617 737 2662 sit
773 2613 948 2663 Nizelo
993 2613 1060 2660 ibi
1086 2622 1504 2670 commemoratus,
1540 2612 1640 2660 sive

232 2680 455 2730 Guezelo
502 2683 825 2759 Moguntinus
875 2681 1161 2745 Episcopus,
1214 2682 1312 2728 sive
1361 2681 1641 2729 Wezelinus

228 2749 691 2813 'Magdeburgensm
727 2750 826 2797 sive
851 2749 1043 2797 Wecilo
1067 2749 1372 2812 Moguntinae
1398 2749 1536 2797 Sedis
1570 2749 1642 2795 in-

231 2833 398 2874 vasor;
433 2832 526 2864 nec
561 2817 691 2864 enim
718 2817 896 2865 dehac
937 2816 1202 2879 quaestione
1244 2817 1474 2864 historica
1514 2817 1638 2864 inter

230 2903 283 2935 se
308 2884 616 2933 consentiunt
635 2884 825 2932 Eruditi
846 2903 859 2933 ε
895 2883 1184 2947 respondeo,
1221 2884 1432 2948 inquam,
1453 2883 1637 2931 difficil-

226 2960 395 3005 limum
416 2952 571 3000 hocce
596 2954 940 3015 argumentum*
957 2967 1052 3001 non
1074 2967 1169 3000 uno
1195 2953 1469 3017 eodemque
1493 2950 1636 2998 modo

229 3021 357 3073 diiui·
371 3022 434 3069 ab
457 3020 693 3070 omnibus..
1562 3090 1618 3134 10
