1846 3250
162 13 164 15 .
249 6 252 8 v
293 7 298 10 -
465 4 470 12 ι

0 0 40 34 μ’
40 0 160 41 mab-⁸47.
162 0 176 23 ¹!
238 0 243 15 ¹

215 173 317 222 310
702 165 1134 221 TRACTATUS

209 302 514 356 caeremoniae
570 302 840 366 Baptizmi;
898 320 1012 353 cum
1069 304 1196 353 enim
1259 305 1631 358 Sacramentum

206 385 325 422 tunc
351 387 448 418 non
473 370 768 427 conferatur,
807 372 1150 435 cognationem
1184 372 1485 437 spiritualem
1522 377 1631 424 nul-³

204 442 300 489 lam
327 438 618 486 contrahere
642 449 861 501 possunt.

214 542 217 544 <
276 511 342 553 40·
378 504 557 569 Excipi
583 505 751 560 debet,
776 510 923 567 juxta
945 505 1236 554 sententiam
1273 508 1427 559 multo
1453 511 1631 572 proba-

205 573 444 629 biliorem,
506 584 793 637 procurator
836 573 1043 637 pairini3
1097 574 1210 637 quia
1256 591 1353 622 non
1400 591 1489 623 suo
1537 577 1626 627 sed

204 641 478 700 mandantis
516 640 712 688 nomine
760 641 889 704 agit;
924 641 1012 689 sed
1046 642 1185 691 solus
1227 642 1307 704 qui
1343 643 1626 693 mandatum

204 708 342 759 dedit
367 707 709 773 cognationem
751 708 1016 771 spiritalem
1053 708 1314 758 contrahit.
1382 710 1461 767 Ita
1495 711 1630 761 deci.

202 776 275 825 dit
301 776 609 840 Congegatio
642 776 798 824 Conc-
828 775 963 823 Trid.
986 776 1257 852 InterpreS‚
1300 791 1365 824 ex
1392 776 1623 841 Fagnano

203 844 252 892 in
280 860 388 908 cap
426 844 635 901 Veniens,
662 842 724 890 de
746 844 956 919 Cognat.
980 842 1133 906 spirit.
1617 883 1621 889 .

205 948 208 951 r
271 915 337 961 5⁰·
378 911 584 975 Propter
626 911 917 958 contrariam
950 911 1187 958 rationem
1223 908 1627 990 impedimentum

201 979 446 1030 contrahit
474 977 555 1042 qui
580 977 800 1041 baptizat
819 994 884 1026 ex
908 974 1236 1042 delegatione,
1262 978 1377 1043 quia
1401 995 1497 1028 non
1523 981 1623 1046 agit

200 1047 309 1098 vice
334 1045 607 1110 delegantis
631 1046 720 1093 sed
746 1044 944 1095 Christi.

266 1119 334 1165 60·
374 1113 602 1162 Patrinus
627 1122 677 1160 et
703 1113 910 1161 matrina
936 1112 1063 1160 inter
1100 1128 1169 1169 se,
1208 1121 1261 1161 ut
1286 1112 1534 1178 colligitur
1559 1131 1620 1164 ex

198 1181 469 1233 Constitui.
540 1180 613 1228 Pii
641 1180 703 1227 V.
738 1184 839 1228 cum
875 1179 1003 1228 illias
1044 1180 1202 1236 vicem,
1239 1181 1418 1228 nullam
1446 1198 1626 1245 cogna-

200 1249 383 1297 tionem
410 1248 738 1296 contrahunt:
776 1246 906 1294 unde
931 1257 1134 1310 possunt
1150 1247 1276 1295 inter
1299 1263 1353 1296 se
1379 1251 1622 1298 matrimo-

199 1333 335 1366 mum
359 1332 497 1364 inire.

275 1387 465 1442 Quaeres
492 1385 556 1430 2⁰·
593 1397 655 1430 an
679 1381 717 1431 si
743 1383 905 1446 plures
941 1396 1086 1446 quam
1124 1397 1247 1429 unus
1273 1392 1321 1430 et
1356 1399 1451 1432 una
1476 1384 1624 1449 patri-

198 1468 374 1501 norum
399 1460 484 1499 aut
508 1451 820 1499 matrinarum
847 1449 1056 1497 officium
1083 1450 1413 1509 exercuerint,
1439 1468 1621 1517 cogna-

200 1521 268 1569 tio
297 1518 558 1583 spiritualis
584 1518 902 1566 contrahatur
927 1518 987 1564 ab
1016 1516 1282 1563 omnibus?

268 1587 334 1635 R.
360 1586 551 1635 Concil.
594 1585 730 1632 Trid.
771 1601 892 1632 sess.
937 1586 1017 1631 24.
1057 1583 1120 1631 de
1160 1584 1380 1633 Reform.
1425 1603 1531 1651 cap.
1569 1590 1618 1636 2.

196 1653 549 1729 praescripsisse
574 1662 628 1699 ut
646 1668 768 1698 unus
788 1662 838 1699 et
859 1667 954 1699 una
978 1650 1039 1698 ad
1058 1666 1297 1699 summum
1320 1653 1619 1733 baptizatum

196 1724 262 1772 de
287 1719 562 1796 Baptismo
580 1719 862 1782 suscipiant
940 1718 989 1765 Si
1033 1726 1194 1764 tamen
1237 1720 1401 1782 plures
1444 1723 1619 1784 patrini

198 1802 250 1840 et
293 1787 512 1836 matrinae
553 1786 872 1834 admittantur
913 1801 972 1832 ac
1021 1784 1229 1832 officium
1278 1800 1617 1851 susceptorum

195 1865 485 1912 exerceant,
522 1864 640 1902 tunc
666 1854 896 1916 cognatio
936 1851 1194 1915 spiritualis
1223 1855 1526 1904 contrahitur
1558 1858 1629 1905 ab

200 1925 441 1977 omnibuS,
479 1937 539 1969 ex
564 1938 672 1985 cap.
702 1918 938 1976 Quamvis,
976 1920 1038 1966 de
1065 1922 1274 1981 Cognat.
1298 1921 1451 1984 spirit.
1473 1923 1544 1970 in·
1549 1930 1617 1974 60

193 1994 286 2043 Sic
334 1989 600 2039 declaravit
643 1989 841 2052 insuper
884 1987 1217 2052 Congregatio
1255 1989 1443 2038 Concil.
1485 1992 1619 2040 Trid.

200 2062 467 2122 Interpres.

273 2128 466 2181 Quaeres
493 2128 554 2173 30
592 2138 652 2170 an
678 2131 987 2185 susceptores
1023 2122 1236 2180 infantis,
1273 2123 1354 2188 qui
1391 2126 1480 2174 sub
1506 2142 1621 2175 con-

198 2195 384 2244 ditione
425 2191 718 2254 baptizatur,
768 2190 1113 2252 cognationem
1154 2191 1456 2254 spiritualem
1501 2211 1617 2243 con-

195 2261 433 2316 trahant?

270 2329 338 2378 R.
358 2327 598 2376 diversam
617 2340 722 2373 esse
740 2339 798 2371 ea
823 2323 884 2372 de
910 2339 962 2371 re
988 2321 1351 2384 Theologorum
1376 2341 1435 2374 ac
1462 2304 1620 2377 Cano-

194 2400 433 2450 nistarum
471 2392 779 2442 sententiam.
849 2392 1032 2439 Eorum
1063 2390 1144 2454 qui
1187 2391 1423 2440 affirmant
1459 2394 1619 2458 opinio

200 2465 339 2517 nohis
365 2463 558 2510 videtur
595 2457 644 2507 in
669 2459 811 2522 praxi
835 2458 1063 2507 tenenda.
1133 2458 1352 2506 Dubium
1389 2471 1463 2509 est
1489 2463 1616 2510 enim

199 2553 261 2585 an
309 2527 585 2592 hujusmodi
635 2527 911 2590 Baptismus
958 2525 1184 2573 effectum
1233 2526 1488 2589 producat.
1531 2531 1618 2577 ‘In

199 2602 349 2652 dubio
375 2608 555 2652 autem,
594 2593 676 2642 ubi
701 2593 969 2655 praesertim
994 2594 1056 2641 de
1085 2593 1412 2643 Sacramentis
1437 2596 1614 2661 agitur,

197 2686 309 2737 pars
334 2664 486 2714 tutior
509 2673 584 2711 est
608 2661 851 2726 eligenda.

274 2737 469 2792 Quaeres
502 2734 567 2777 40·
617 2746 678 2777 an
737 2729 842 2791 qui
870 2727 1102 2775 infantem
1163 2737 1304 2776 extra
1348 2730 1615 2781 solemnem

181 2803 501 2868 *Baptismum
528 2796 660 2843 domi
700 2795 988 2860 suscipiunt,
1027 2794 1370 2858 cognationem
1394 2798 1616 2875 spiritua·

196 2875 293 2923 lem
319 2864 647 2919 contrabant?
1180 2884 1182 2887 ·
1318 2853 1387 2894 Ρ

272 2940 336 2990 R.
373 2933 602 2997 remotive,
656 2929 770 2994 quia
804 2928 978 2979 stando
1026 2929 1184 3001 verbis
1233 2932 1424 2982 Concil.
1482 2934 1616 2981 Trid.

1390 2999 1619 3063 cognatio
