1846 3250
240 143 341 189 246
748 145 1177 197 TRACTATUS

236 277 371 327 circa
394 292 453 325 ea
477 293 586 340 quae
624 276 686 325 ad
725 278 1082 328 matrimonium
1126 281 1375 345 praecipue
1417 292 1660 346 spectant,

235 343 499 408 inquirenti
536 360 633 391 non
669 346 826 394 solum
863 348 1070 397 candide
1122 350 1436 426 respondere,
1486 351 1573 398 sed
1609 362 1661 398 et

237 412 434 458 intimos
471 412 780 460 conscientiae
817 429 1038 462 recessus
1096 417 1303 480 aperire,
1364 428 1418 465 ut
1461 418 1674 474 monim„

238 477 552 536 documenta,
588 479 806 526 remedia
855 498 945 545 pro
998 483 1470 532 circumstantiarum
1507 484 1666 533 divor·

236 544 379 594 sitate
404 545 625 610 recipere
648 547 850 611 possint.

606 682 689 729 De
714 680 1008 745 Sponsaliam
1033 684 1292 747 (effectibus.-

308 813 612 890 Sponsalium
651 814 855 862 effectus
891 815 1136 881 praecipue
1175 816 1378 880 duplex,
1427 816 1662 894 obligatio

237 879 461 928 nimirum
488 891 538 929 et
561 882 792 929 honestas
815 884 1028 945 publica.
1098 884 1178 931 De
1225 884 1480 947 posteriori
1528 885 1663 934 dice-

236 963 369 1005 mus,
393 948 476 995 ubi
501 948 563 996 de
588 949 957 1011 Impedimentis
982 949 1336 999 dirimentibus.
1407 953 1487 1000 De
1515 953 1662 1015 priori

234 1030 367 1063 nunc
391 1014 746 1064 disserendum.

310 1082 497 1138 Quaeres
529 1085 590 1128 1⁰·
627 1099 688 1130 an
726 1082 968 1146 sponsalia
1011 1083 1183 1141 valida,
1221 1086 1311 1132 sub
1355 1095 1562 1148 peccato
1597 1086 1661 1135 ad
1711 1136 1715 1139 Δ

235 1149 594 1198 matrimonium
633 1149 896 1198 ineundem
939 1150 1175 1214 obligent,
1214 1161 1264 1199 et
1305 1169 1399 1214 quo
1441 1162 1663 1216 tempore

234 1215 498 1285 obligent?

305 1283 374 1331 R.
410 1300 470 1331 ea
494 1282 727 1345 obligare,
771 1293 822 1332 et
847 1284 1040 1346 quidem
1066 1286 1159 1332 sub
1198 1285 1350 1347 gravi,
1388 1295 1443 1332 ut
1481 1286 1664 1335 docent

233 1349 413 1398 summi
451 1348 715 1399 Pontifices
767 1350 816 1398 in
869 1353 992 1400 Jure
1046 1353 1299 1399 canonico.
1391 1353 1539 1401 Ratio
1588 1364 1664 1401 est

236 1416 354 1480 quia
375 1417 630 1496 promissio
654 1427 840 1476 mutua,
877 1418 1105 1482 utrinque
1131 1434 1349 1476 onerosa,
1391 1430 1439 1467 et
1467 1419 1664 1483 quidem

235 1484 286 1531 in
323 1501 376 1532 re
411 1485 710 1548 gravissima,
770 1485 896 1548 parit
956 1485 1303 1549 obligationem
1358 1488 1575 1548 justitiae,
1614 1497 1665 1534 et

237 1550 433 1612 quidem
469 1553 559 1600 sub
595 1563 805 1616 peccato
854 1554 1062 1610 mortali,
1121 1553 1386 1601 fatentibus
1440 1554 1663 1602 omnibus

236 1618 522 1681 'lheologis.

249 1735 258 1738 ⁷
306 1687 373 1731 2⁰·
412 1686 464 1733 Si
501 1685 687 1733 nullum
732 1686 894 1734 obstat
933 1684 1202 1750 legitimum
1238 1686 1664 1750 impedimentum,

237 1752 418 1801 servari
471 1752 621 1800 debet
674 1762 865 1816 tempus
923 1753 973 1799 in
1031 1753 1334 1815 sponsalibus
1392 1756 1663 1816 praefixum,

236 1820 329 1866 nisi
353 1835 464 1867 cum
490 1836 601 1882 pars
626 1836 858 1882 expresse
880 1822 955 1867 vel
987 1821 1136 1868 tacite
1174 1820 1221 1866 in
1248 1836 1430 1868 moram
1458 1836 1665 1870 consen·

236 1886 372 1935 serit.
446 1886 528 1934 Sic
553 1886 681 1934 enim
709 1886 928 1949 obligant
952 1887 1114 1936 caeteri
1140 1896 1438 1935 contractus.

307 1956 374 2001 3⁰·
412 1954 462 2001 Si
516 1963 710 2017 tempus
757 1955 941 2001 nullum
996 1955 1250 2017 praefixum
1317 1954 1483 2011 fuerit,
1520 1970 1667 2018 spon-

236 2019 356 2068 salia
390 2021 452 2068 ad
488 2021 847 2069 matrimonium
899 2021 1164 2071 ineundum
1216 2021 1452 2085 obligant,
1495 2037 1664 2086 quam·

236 2087 447 2150 primum
490 2088 747 2136 commode
783 2087 887 2136 fieri
926 2088 1121 2152 poterit,
1159 2105 1218 2136 ac
1242 2088 1440 2152 petierit
1475 2098 1671 2136 contra·

235 2154 457 2202 hentium
484 2155 644 2219 alter,
661 2164 713 2201 ut
740 2164 931 2202 constat
974 2172 1038 2203 ex
1077 2157 1249 2219 regula
1270 2157 1302 2204 J
1309 2172 1403 2204 uris
1428 2155 1664 2203 omnium·

237 2237 333 2284 que
360 2216 724 2284 Theologorum
752 2237 1008 2269 consensu.

312 2289 506 2345 Quaeres
532 2291 597 2335 2⁰·
632 2304 691 2335 an
718 2288 789 2334 vir
832 2288 1006 2335 nobilis
1053 2303 1109 2335 ac
1152 2287 1328 2335 divitiis
1369 2297 1545 2352 potens
1580 2286 1664 2351 qui

237 2371 351 2403 oum
376 2356 542 2420 puella
567 2354 859 2403 conditionis
894 2355 1040 2417 longe
1081 2354 1337 2412 inferioris,
1376 2355 1574 2417 cognita
1609 2364 1665 2401 ut

235 2422 338 2480 tali,
375 2421 618 2487 sponsalia
653 2422 914 2478 contraxit,
951 2438 1044 2469 nec
1090 2437 1178 2484 spe
1220 2421 1510 2469 matrimonii
1550 2436 1657 2469 eam

239 2490 473 2553 corrupit,
510 2499 733 2538 teneatur
759 2489 979 2537 eamdem
1006 2489 1188 2536 ducere
1207 2489 1231 2534 Ρ

307 2558 372 2604 R.
407 2574 496 2619 per
537 2572 589 2605 se
630 2555 803 2612 teneri,
838 2556 986 2602 modo
1023 2571 1119 2602 non
1176 2557 1338 2607 obstet
1387 2554 1661 2618 legitimum

237 2621 659 2685 impedimentum,
696 2622 810 2688 quia
849 2623 1008 2670 sciens
1045 2632 1093 2669 et
1119 2622 1284 2670 volens
1325 2638 1437 2669 cum
1462 2639 1521 2670 ea
1544 2637 1662 2669 con·

239 2689 406 2738 traxit.
477 2690 662 2738 Scienti
687 2700 849 2738 autem
877 2699 928 2737 et
948 2688 1126 2737 volenti
1144 2705 1239 2736 non
1259 2689 1312 2736 fit
1337 2688 1524 2752 injuria.

308 2755 447 2814 Dixi,
474 2773 570 2820 per
590 2774 654 2814 se,
691 2764 735 2804 et
758 2758 891 2805 modo
915 2774 1006 2804 non
1032 2755 1172 2805 obstet
1195 2757 1453 2820 legitimum
1470 2754 1664 2819 impedi-

239 2832 459 2873 mentum.
526 2824 738 2872 Obstare
773 2834 936 2871 autem
987 2832 1189 2887 possunt
1237 2840 1410 2886 graves
1459 2821 1666 2870 familia-

241 2908 349 2941 rum
371 2890 657 2952 simultates,
696 2894 957 2955 conjugum
998 2890 1127 2952 odia,
1163 2890 1298 2952 rixae,
1324 2889 1483 2955 gravis
1507 2887 1664 3000 poepii-

1540 2964 1590 3002 tu
1630 2968 1661 3000 0
