<?xml version="1.0" encoding="UTF-8"?>
<!DOCTYPE html PUBLIC "-//W3C//DTD XHTML 1.0 Transitional//EN"
    "http://www.w3.org/TR/xhtml1/DTD/xhtml1-transitional.dtd">
<html xmlns="http://www.w3.org/1999/xhtml" xml:lang="en" lang="en">
 <head>
  <title>
</title>
<meta http-equiv="Content-Type" content="text/html;charset=utf-8" />
  <meta name='ocr-system' content='tesseract 3.04.00' />
  <meta name='ocr-capabilities' content='ocr_page ocr_carea ocr_par ocr_line ocrx_word'/>
</head>
<body>
  <div class='ocr_page' id='page_1' title='image "./theologica00bailuoft_0466.png"; bbox 0 0 1846 3250; ppageno 0'>
   <div class='ocr_carea' id='block_1_1' title="bbox 209 142 1166 209">
    <p class='ocr_par' dir='ltr' id='par_1_1' title="bbox 209 134 1250 209">
     <span class='ocr_line' id='line_1_1' title="bbox 209 142 1166 209; baseline 0.011 -11"><span class='ocrx_word' id='word_1_1' title='bbox 209 142 312 205; x_wconf 68' lang='lat'>462</span> <span class='ocrx_word' id='word_1_2' title='bbox 731 154 1166 209; x_wconf 83' lang='lat' dir='ltr'><strong>TRACTATUS</strong></span> 
     </span>
    </p>
   </div>
   <div class='ocr_carea' id='block_1_2' title="bbox 148 291 1649 2652">
    <p class='ocr_par' dir='ltr' id='par_1_2' title="bbox 208 291 1649 492">
     <span class='ocr_line' id='line_1_2' title="bbox 208 291 1649 359; baseline 0.003 -19"><span class='ocrx_word' id='word_1_3' title='bbox 208 299 508 340; x_wconf 66' lang='lat' dir='ltr'>*summatum</span> <span class='ocrx_word' id='word_1_4' title='bbox 535 291 846 342; x_wconf 87' lang='lat' dir='ltr'>Professione</span> <span class='ocrx_word' id='word_1_5' title='bbox 875 294 1106 359; x_wconf 85' lang='lat' dir='ltr'>religiosa</span> <span class='ocrx_word' id='word_1_6' title='bbox 1141 293 1279 344; x_wconf 85' lang='lat' dir='ltr'>solvi.</span> <span class='ocrx_word' id='word_1_7' title='bbox 1372 294 1508 359; x_wconf 84' lang='lat' dir='ltr'>Ergo</span> <span class='ocrx_word' id='word_1_8' title='bbox 1534 293 1649 344; x_wconf 58' lang='lat' dir='ltr'>&#39;De&#39;-</span> 
     </span>
     <span class='ocr_line' id='line_1_3' title="bbox 215 359 1647 412; baseline 0.003 -5"><span class='ocrx_word' id='word_1_9' title='bbox 215 369 406 407; x_wconf 87' lang='lat' dir='ltr'>cretum</span> <span class='ocrx_word' id='word_1_10' title='bbox 445 359 786 408; x_wconf 86' lang='lat' dir='ltr'>Tridentinum</span> <span class='ocrx_word' id='word_1_11' title='bbox 840 378 899 410; x_wconf 89' lang='lat' dir='ltr'>ea</span> <span class='ocrx_word' id='word_1_12' title='bbox 956 364 1018 411; x_wconf 86' lang='lat' dir='ltr'>de</span> <span class='ocrx_word' id='word_1_13' title='bbox 1072 380 1124 412; x_wconf 90' lang='lat' dir='ltr'>re</span> <span class='ocrx_word' id='word_1_14' title='bbox 1174 363 1308 411; x_wconf 85' lang='lat' dir='ltr'>nulla</span> <span class='ocrx_word' id='word_1_15' title='bbox 1353 362 1647 412; x_wconf 83' lang='lat' dir='ltr'>auctoritate</span> 
     </span>
     <span class='ocr_line' id='line_1_4' title="bbox 213 426 1215 492; baseline 0.005 -20"><span class='ocrx_word' id='word_1_16' title='bbox 213 426 431 483; x_wconf 81' lang='lat' dir='ltr'>fulcitur,</span> <span class='ocrx_word' id='word_1_17' title='bbox 468 442 527 475; x_wconf 84' lang='lat' dir='ltr'>ac</span> <span class='ocrx_word' id='word_1_18' title='bbox 551 428 756 492; x_wconf 85' lang='lat' dir='ltr'>proinde</span> <span class='ocrx_word' id='word_1_19' title='bbox 782 430 1099 491; x_wconf 72' lang='lat' dir='ltr'>rejiciendum</span> <span class='ocrx_word' id='word_1_20' title='bbox 1125 426 1215 479; x_wconf 80' lang='lat' dir='ltr'>est.</span> 
     </span>
    </p>

    <p class='ocr_par' dir='ltr' id='par_1_3' title="bbox 207 493 1649 831">
     <span class='ocr_line' id='line_1_5' title="bbox 209 493 1649 563; baseline 0.001 -21"><span class='ocrx_word' id='word_1_21' title='bbox 209 503 213 506; x_wconf 81' lang='grc'><strong>’</strong></span> <span class='ocrx_word' id='word_1_22' title='bbox 283 494 349 542; x_wconf 90' lang='lat' dir='ltr'>R.</span> <span class='ocrx_word' id='word_1_23' title='bbox 383 493 545 543; x_wconf 85' lang='lat' dir='ltr'>silere</span> <span class='ocrx_word' id='word_1_24' title='bbox 564 496 761 559; x_wconf 87' lang='lat' dir='ltr'>quidem</span> <span class='ocrx_word' id='word_1_25' title='bbox 803 497 1078 562; x_wconf 75' lang='lat' dir='ltr'><strong>Scripturas</strong></span> <span class='ocrx_word' id='word_1_26' title='bbox 1129 499 1326 560; x_wconf 85' lang='lat' dir='ltr'>Dogma</span> <span class='ocrx_word' id='word_1_27' title='bbox 1373 498 1421 545; x_wconf 90' lang='lat' dir='ltr'>in</span> <span class='ocrx_word' id='word_1_28' title='bbox 1471 513 1649 563; x_wconf 87' lang='lat' dir='ltr'>propo-</span> 
     </span>
     <span class='ocr_line' id='line_1_6' title="bbox 208 560 1644 628; baseline 0.003 -19"><span class='ocrx_word' id='word_1_29' title='bbox 208 560 389 610; x_wconf 77' lang='lat' dir='ltr'>sitione</span> <span class='ocrx_word' id='word_1_30' title='bbox 422 574 590 611; x_wconf 85' lang='lat' dir='ltr'>nostra</span> <span class='ocrx_word' id='word_1_31' title='bbox 624 575 879 613; x_wconf 88' lang='lat' dir='ltr'>assertum.</span> <span class='ocrx_word' id='word_1_32' title='bbox 916 590 923 595; x_wconf 40' lang='grc'><strong>“</strong></span> <span class='ocrx_word' id='word_1_33' title='bbox 976 569 1045 614; x_wconf 86' lang='lat' dir='ltr'>At</span> <span class='ocrx_word' id='word_1_34' title='bbox 1092 565 1353 628; x_wconf 80' lang='lat' dir='ltr'>Scripturae</span> <span class='ocrx_word' id='word_1_35' title='bbox 1400 566 1644 615; x_wconf 84' lang='lat' dir='ltr'>silentium</span> 
     </span>
     <span class='ocr_line' id='line_1_7' title="bbox 205 630 1645 696; baseline 0.004 -20.028"><span class='ocrx_word' id='word_1_36' title='bbox 205 630 414 693; x_wconf 77' lang='lat' dir='ltr'><strong>supplet</strong></span> <span class='ocrx_word' id='word_1_37' title='bbox 440 631 677 689; x_wconf 81' lang='lat' dir='ltr'>Traditio,</span> <span class='ocrx_word' id='word_1_38' title='bbox 715 644 825 696; x_wconf 85' lang='lat' dir='ltr'>quae</span> <span class='ocrx_word' id='word_1_39' title='bbox 865 634 1018 681; x_wconf 75' lang='lat' dir='ltr'>alteia</span> <span class='ocrx_word' id='word_1_40' title='bbox 1059 644 1134 681; x_wconf 89' lang='lat' dir='ltr'>est</span> <span class='ocrx_word' id='word_1_41' title='bbox 1177 633 1531 681; x_wconf 85' lang='lat' dir='ltr'>credendorum</span> <span class='ocrx_word' id='word_1_42' title='bbox 1569 650 1645 681; x_wconf 87' lang='lat' dir='ltr'>re-</span> 
     </span>
     <span class='ocr_line' id='line_1_8' title="bbox 210 697 1648 762; baseline 0.002 -18"><span class='ocrx_word' id='word_1_43' title='bbox 210 697 348 760; x_wconf 87' lang='lat' dir='ltr'>gula,</span> <span class='ocrx_word' id='word_1_44' title='bbox 384 714 542 762; x_wconf 87' lang='lat' dir='ltr'>eaque</span> <span class='ocrx_word' id='word_1_45' title='bbox 580 700 719 747; x_wconf 88' lang='lat' dir='ltr'>nobis</span> <span class='ocrx_word' id='word_1_46' title='bbox 750 701 1012 749; x_wconf 82' lang='lat' dir='ltr'><strong>innotescit</strong></span> <span class='ocrx_word' id='word_1_47' title='bbox 1051 700 1339 750; x_wconf 83' lang='lat' dir='ltr'>testimoniis</span> <span class='ocrx_word' id='word_1_48' title='bbox 1385 711 1487 749; x_wconf 83' lang='lat' dir='ltr'>turn</span> <span class='ocrx_word' id='word_1_49' title='bbox 1524 701 1648 748; x_wconf 81' lang='lat' dir='ltr'>indi-</span> 
     </span>
     <span class='ocr_line' id='line_1_9' title="bbox 207 765 772 831; baseline 0.002 -17"><span class='ocrx_word' id='word_1_50' title='bbox 207 765 360 814; x_wconf 81' lang='lat' dir='ltr'>rectis</span> <span class='ocrx_word' id='word_1_51' title='bbox 383 775 485 813; x_wconf 86' lang='lat' dir='ltr'>tum</span> <span class='ocrx_word' id='word_1_52' title='bbox 513 768 772 831; x_wconf 81' lang='lat' dir='ltr'>expressis.</span> 
     </span>
    </p>

    <p class='ocr_par' dir='ltr' id='par_1_4' title="bbox 200 834 1644 1303">
     <span class='ocr_line' id='line_1_10' title="bbox 284 834 1642 885; baseline 0.002 -5"><span class='ocrx_word' id='word_1_53' title='bbox 284 835 363 880; x_wconf 82' lang='lat'>10·</span> <span class='ocrx_word' id='word_1_54' title='bbox 394 834 690 883; x_wconf 77' lang='lat' dir='ltr'>Testzmoniis</span> <span class='ocrx_word' id='word_1_55' title='bbox 711 836 865 884; x_wconf 76' lang='lat' dir='ltr'>tacitis</span> <span class='ocrx_word' id='word_1_56' title='bbox 890 844 932 884; x_wconf 76' lang='lat' dir='ltr'>et</span> <span class='ocrx_word' id='word_1_57' title='bbox 957 836 1211 885; x_wconf 76' lang='lat' dir='ltr'>zndirectis.</span> <span class='ocrx_word' id='word_1_58' title='bbox 1304 836 1475 884; x_wconf 84' lang='lat' dir='ltr'>Patres</span> <span class='ocrx_word' id='word_1_59' title='bbox 1513 834 1642 884; x_wconf 87' lang='lat' dir='ltr'>enim</span> 
     </span>
     <span class='ocr_line' id='line_1_11' title="bbox 208 901 1644 967; baseline 0.001 -18"><span class='ocrx_word' id='word_1_60' title='bbox 208 901 531 949; x_wconf 87' lang='lat' dir='ltr'>ecclesiastici</span> <span class='ocrx_word' id='word_1_61' title='bbox 573 903 861 950; x_wconf 85' lang='lat' dir='ltr'>matrimonii</span> <span class='ocrx_word' id='word_1_62' title='bbox 904 903 1375 951; x_wconf 79' lang='lat' dir='ltr'>indissolubilitatem</span> <span class='ocrx_word' id='word_1_63' title='bbox 1412 912 1644 967; x_wconf 85' lang='lat' dir='ltr'>repetunt.</span> 
     </span>
     <span class='ocr_line' id='line_1_12' title="bbox 207 970 1642 1034; baseline 0.001 -18"><span class='ocrx_word' id='word_1_64' title='bbox 207 984 274 1016; x_wconf 84' lang='lat' dir='ltr'>ex</span> <span class='ocrx_word' id='word_1_65' title='bbox 301 970 407 1032; x_wconf 85' lang='lat' dir='ltr'>ejus</span> <span class='ocrx_word' id='word_1_66' title='bbox 433 971 870 1030; x_wconf 85' lang='lat' dir='ltr'>consummatione,</span> <span class='ocrx_word' id='word_1_67' title='bbox 921 982 969 1019; x_wconf 91' lang='lat' dir='ltr'>et</span> <span class='ocrx_word' id='word_1_68' title='bbox 1014 971 1128 1034; x_wconf 87' lang='lat' dir='ltr'>quia</span> <span class='ocrx_word' id='word_1_69' title='bbox 1169 971 1240 1018; x_wconf 85' lang='lat' dir='ltr'>vir</span> <span class='ocrx_word' id='word_1_70' title='bbox 1276 981 1326 1018; x_wconf 85' lang='lat' dir='ltr'>et</span> <span class='ocrx_word' id='word_1_71' title='bbox 1362 988 1488 1018; x_wconf 85' lang='lat' dir='ltr'>uxor</span> <span class='ocrx_word' id='word_1_72' title='bbox 1527 980 1642 1019; x_wconf 81' lang='lat' dir='ltr'>sunt</span> 
     </span>
     <span class='ocr_line' id='line_1_13' title="bbox 200 1037 1639 1098; baseline 0.002 -15"><span class='ocrx_word' id='word_1_73' title='bbox 200 1045 309 1083; x_wconf 71' lang='lat' dir='ltr'>”una</span> <span class='ocrx_word' id='word_1_74' title='bbox 334 1052 448 1084; x_wconf 90' lang='lat' dir='ltr'>caro</span> <span class='ocrx_word' id='word_1_75' title='bbox 469 1055 481 1084; x_wconf 74' lang='grc' dir='ltr'>ε</span> <span class='ocrx_word' id='word_1_76' title='bbox 517 1037 648 1098; x_wconf 89' lang='lat' dir='ltr'>atqui</span> <span class='ocrx_word' id='word_1_77' title='bbox 674 1038 767 1085; x_wconf 90' lang='lat' dir='ltr'>hoc</span> <span class='ocrx_word' id='word_1_78' title='bbox 786 1050 859 1086; x_wconf 89' lang='lat' dir='ltr'>est</span> <span class='ocrx_word' id='word_1_79' title='bbox 880 1039 1029 1087; x_wconf 84' lang='lat' dir='ltr'>tacite</span> <span class='ocrx_word' id='word_1_80' title='bbox 1053 1039 1257 1087; x_wconf 86' lang='lat' dir='ltr'>innuere</span> <span class='ocrx_word' id='word_1_81' title='bbox 1282 1038 1639 1086; x_wconf 84' lang='lat' dir='ltr'>matrimonium</span> 
     </span>
     <span class='ocr_line' id='line_1_14' title="bbox 203 1106 1638 1168; baseline 0.001 -17"><span class='ocrx_word' id='word_1_82' title='bbox 203 1119 306 1151; x_wconf 86' lang='lat' dir='ltr'>non</span> <span class='ocrx_word' id='word_1_83' title='bbox 332 1115 724 1152; x_wconf 87' lang='lat' dir='ltr'>consummatum</span> <span class='ocrx_word' id='word_1_84' title='bbox 767 1122 864 1153; x_wconf 89' lang='lat' dir='ltr'>non</span> <span class='ocrx_word' id='word_1_85' title='bbox 907 1122 1014 1154; x_wconf 88' lang='lat' dir='ltr'>esse</span> <span class='ocrx_word' id='word_1_86' title='bbox 1054 1122 1249 1168; x_wconf 88' lang='lat' dir='ltr'>prorsus</span> <span class='ocrx_word' id='word_1_87' title='bbox 1287 1106 1638 1162; x_wconf 81' lang='lat' dir='ltr'>indissolubile,</span> 
     </span>
     <span class='ocr_line' id='line_1_15' title="bbox 205 1171 1640 1237; baseline 0.001 -19"><span class='ocrx_word' id='word_1_88' title='bbox 205 1183 269 1233; x_wconf 45' lang='lat' dir='ltr'>&amp;a</span> <span class='ocrx_word' id='word_1_89' title='bbox 291 1188 434 1234; x_wconf 87' lang='lat' dir='ltr'>posse</span> <span class='ocrx_word' id='word_1_90' title='bbox 457 1171 505 1217; x_wconf 91' lang='lat' dir='ltr'>in</span> <span class='ocrx_word' id='word_1_91' title='bbox 545 1187 662 1219; x_wconf 86' lang='lat' dir='ltr'>casu</span> <span class='ocrx_word' id='word_1_92' title='bbox 705 1174 914 1234; x_wconf 89' lang='lat' dir='ltr'>quodam</span> <span class='ocrx_word' id='word_1_93' title='bbox 954 1172 1359 1231; x_wconf 86' lang='lat' dir='ltr'>extraordinario,</span> <span class='ocrx_word' id='word_1_94' title='bbox 1382 1180 1428 1220; x_wconf 61' lang='grc' dir='ltr'>ν’.</span> <span class='ocrx_word' id='word_1_95' title='bbox 1466 1191 1514 1237; x_wconf 85' lang='lat' dir='ltr'>g.</span> <span class='ocrx_word' id='word_1_96' title='bbox 1549 1189 1640 1237; x_wconf 82' lang='lat' dir='ltr'>per</span> 
     </span>
     <span class='ocr_line' id='line_1_16' title="bbox 201 1235 1067 1316; baseline 0.002 -31.002"><span class='ocrx_word' id='word_1_97' title='bbox 201 1235 566 1287; x_wconf 85' lang='lat' dir='ltr'>Professionem</span> <span class='ocrx_word' id='word_1_98' title='bbox 591 1239 866 1316; x_wconf 82' lang='lat' dir='ltr'>religiosam</span> <span class='ocrx_word' id='word_1_99' title='bbox 893 1240 1067 1288; x_wconf 88' lang='lat' dir='ltr'>dirimi.</span> 
     </span>
    </p>

    <p class='ocr_par' dir='ltr' id='par_1_5' title="bbox 148 1307 1639 2652">
     <span class='ocr_line' id='line_1_17' title="bbox 205 1307 1638 1372; baseline 0.002 -19"><span class='ocrx_word' id='word_1_100' title='bbox 205 1313 214 1319; x_wconf 85' lang='lat'>&#39;</span> <span class='ocrx_word' id='word_1_101' title='bbox 276 1309 360 1353; x_wconf 76' lang='lat'>20·</span> <span class='ocrx_word' id='word_1_102' title='bbox 386 1307 451 1355; x_wconf 88' lang='lat' dir='ltr'><em>T</em></span> <span class='ocrx_word' id='word_1_103' title='bbox 447 1307 699 1356; x_wconf 73' lang='lat' dir='ltr'>estzmomzs</span> <span class='ocrx_word' id='word_1_104' title='bbox 723 1310 962 1372; x_wconf 78' lang='lat' dir='ltr'>expressis.</span> <span class='ocrx_word' id='word_1_105' title='bbox 1058 1309 1243 1356; x_wconf 81' lang='lat' dir='ltr'>Praeter</span> <span class='ocrx_word' id='word_1_106' title='bbox 1268 1308 1393 1357; x_wconf 89' lang='lat' dir='ltr'>enim</span> <span class='ocrx_word' id='word_1_107' title='bbox 1420 1307 1638 1356; x_wconf 84' lang='lat' dir='ltr'>testimo-</span> 
     </span>
     <span class='ocr_line' id='line_1_18' title="bbox 148 1370 1636 1439; baseline 0.001 -19"><span class='ocrx_word' id='word_1_108' title='bbox 148 1397 150 1399; x_wconf 53' lang='lat'>&gt;</span> <span class='ocrx_word' id='word_1_109' title='bbox 201 1370 285 1421; x_wconf 76' lang='lat' dir='ltr'>&#39;nia</span> <span class='ocrx_word' id='word_1_110' title='bbox 307 1373 548 1422; x_wconf 83' lang='lat' dir='ltr'>variorum</span> <span class='ocrx_word' id='word_1_111' title='bbox 588 1374 881 1423; x_wconf 90' lang='lat' dir='ltr'>Pontificum</span> <span class='ocrx_word' id='word_1_112' title='bbox 925 1376 972 1422; x_wconf 85' lang='lat' dir='ltr'>in</span> <span class='ocrx_word' id='word_1_113' title='bbox 998 1375 1286 1439; x_wconf 77' lang='lat' dir='ltr'>probatione</span> <span class='ocrx_word' id='word_1_114' title='bbox 1309 1376 1636 1433; x_wconf 84' lang='lat' dir='ltr'>laudatorum,</span> 
     </span>
     <span class='ocr_line' id='line_1_19' title="bbox 203 1441 1637 1507; baseline 0.001 -18"><span class='ocrx_word' id='word_1_115' title='bbox 203 1455 411 1504; x_wconf 85' lang='lat' dir='ltr'>quorum</span> <span class='ocrx_word' id='word_1_116' title='bbox 440 1441 711 1490; x_wconf 86' lang='lat' dir='ltr'>Traditioni</span> <span class='ocrx_word' id='word_1_117' title='bbox 752 1459 811 1491; x_wconf 90' lang='lat' dir='ltr'>eo</span> <span class='ocrx_word' id='word_1_118' title='bbox 853 1444 1006 1507; x_wconf 86' lang='lat' dir='ltr'>magis</span> <span class='ocrx_word' id='word_1_119' title='bbox 1049 1444 1348 1491; x_wconf 88' lang='lat' dir='ltr'>credendum</span> <span class='ocrx_word' id='word_1_120' title='bbox 1389 1454 1462 1492; x_wconf 87' lang='lat' dir='ltr'>est</span> <span class='ocrx_word' id='word_1_121' title='bbox 1505 1444 1637 1506; x_wconf 87' lang='lat' dir='ltr'>quod</span> 
     </span>
     <span class='ocr_line' id='line_1_20' title="bbox 200 1509 1635 1576; baseline 0.001 -19"><span class='ocrx_word' id='word_1_122' title='bbox 200 1509 457 1558; x_wconf 76' lang='lat' dir='ltr'>‘declarent</span> <span class='ocrx_word' id='word_1_123' title='bbox 481 1526 534 1558; x_wconf 88' lang='lat' dir='ltr'>se</span> <span class='ocrx_word' id='word_1_124' title='bbox 558 1510 971 1574; x_wconf 67' lang='lat' dir='ltr'>praedecessorum</span> <span class='ocrx_word' id='word_1_125' title='bbox 1003 1528 1199 1559; x_wconf 74' lang='lat' dir='ltr'>suorum</span> <span class='ocrx_word' id='word_1_126' title='bbox 1226 1513 1455 1576; x_wconf 83' lang='lat' dir='ltr'>exempla</span> <span class='ocrx_word' id='word_1_127' title='bbox 1478 1511 1635 1575; x_wconf 81' lang='lat' dir='ltr'>sequi,</span> 
     </span>
     <span class='ocr_line' id='line_1_21' title="bbox 200 1576 1635 1643; baseline 0.002 -19"><span class='ocrx_word' id='word_1_128' title='bbox 200 1576 431 1639; x_wconf 88' lang='lat' dir='ltr'>quodque</span> <span class='ocrx_word' id='word_1_129' title='bbox 479 1594 648 1625; x_wconf 86' lang='lat' dir='ltr'>eorum</span> <span class='ocrx_word' id='word_1_130' title='bbox 685 1578 747 1626; x_wconf 92' lang='lat' dir='ltr'>de</span> <span class='ocrx_word' id='word_1_131' title='bbox 783 1595 835 1626; x_wconf 91' lang='lat' dir='ltr'>re</span> <span class='ocrx_word' id='word_1_132' title='bbox 884 1580 1111 1643; x_wconf 80' lang='lat' dir='ltr'>praesenti</span> <span class='ocrx_word' id='word_1_133' title='bbox 1166 1578 1408 1639; x_wconf 86' lang='lat' dir='ltr'>doctrina,</span> <span class='ocrx_word' id='word_1_134' title='bbox 1440 1580 1635 1627; x_wconf 91' lang='lat' dir='ltr'>nemine</span> 
     </span>
     <span class='ocr_line' id='line_1_22' title="bbox 195 1644 1636 1711; baseline 0.003 -21"><span class='ocrx_word' id='word_1_135' title='bbox 195 1644 516 1701; x_wconf 78' lang='lat' dir='ltr'>reclamante,</span> <span class='ocrx_word' id='word_1_136' title='bbox 553 1660 741 1692; x_wconf 88' lang='lat' dir='ltr'>summa</span> <span class='ocrx_word' id='word_1_137' title='bbox 796 1647 1009 1693; x_wconf 89' lang='lat' dir='ltr'>omnium</span> <span class='ocrx_word' id='word_1_138' title='bbox 1064 1646 1385 1694; x_wconf 82' lang='lat' dir='ltr'>consensione</span> <span class='ocrx_word' id='word_1_139' title='bbox 1431 1657 1636 1711; x_wconf 84' lang='lat' dir='ltr'>recepta</span> 
     </span>
     <span class='ocr_line' id='line_1_23' title="bbox 195 1710 1635 1787; baseline 0.004 -30"><span class='ocrx_word' id='word_1_140' title='bbox 195 1710 362 1787; x_wconf 80' lang='lat' dir='ltr'>fuerit,</span> <span class='ocrx_word' id='word_1_141' title='bbox 389 1712 564 1759; x_wconf 85' lang='lat' dir='ltr'>addam</span> <span class='ocrx_word' id='word_1_142' title='bbox 593 1712 860 1774; x_wconf 87' lang='lat' dir='ltr'>capitulum</span> <span class='ocrx_word' id='word_1_143' title='bbox 892 1717 1003 1760; x_wconf 72' lang='lat'>102.</span> <span class='ocrx_word' id='word_1_144' title='bbox 1075 1712 1396 1761; x_wconf 64' lang='lat' dir='ltr'>Theodori*</span> <span class='ocrx_word' id='word_1_145' title='bbox 1376 1741 1413 1764; x_wconf 67' lang='grc' dir='ltr'>ι.</span> <span class='ocrx_word' id='word_1_146' title='bbox 1455 1715 1635 1763; x_wconf 82' lang='lat' dir='ltr'>Eccle-</span> 
     </span>
     <span class='ocr_line' id='line_1_24' title="bbox 194 1779 1629 1848; baseline 0.001 -21"><span class='ocrx_word' id='word_1_147' title='bbox 194 1779 282 1827; x_wconf 83' lang='lat' dir='ltr'>siae</span> <span class='ocrx_word' id='word_1_148' title='bbox 339 1780 522 1827; x_wconf 82' lang='lat' dir='ltr'>saeculo</span> <span class='ocrx_word' id='word_1_149' title='bbox 574 1780 937 1829; x_wconf 82' lang='lat' dir='ltr'>Cantuariensis</span> <span class='ocrx_word' id='word_1_150' title='bbox 964 1779 1213 1844; x_wconf 86' lang='lat' dir='ltr'>Episcopi,</span> <span class='ocrx_word' id='word_1_151' title='bbox 1262 1780 1311 1826; x_wconf 87' lang='lat' dir='ltr'>in</span> <span class='ocrx_word' id='word_1_152' title='bbox 1361 1797 1457 1848; x_wconf 90' lang='lat' dir='ltr'>quo</span> <span class='ocrx_word' id='word_1_153' title='bbox 1510 1791 1544 1828; x_wconf 91' lang='lat' dir='ltr'>t.</span> <span class='ocrx_word' id='word_1_154' title='bbox 1581 1785 1629 1829; x_wconf 89' lang='grc'>6.</span> 
     </span>
     <span class='ocr_line' id='line_1_25' title="bbox 196 1844 1628 1911; baseline 0.001 -16"><span class='ocrx_word' id='word_1_155' title='bbox 196 1844 389 1895; x_wconf 88' lang='lat' dir='ltr'>Concil.</span> <span class='ocrx_word' id='word_1_156' title='bbox 421 1847 471 1893; x_wconf 91' lang='lat' dir='ltr'>in</span> <span class='ocrx_word' id='word_1_157' title='bbox 507 1846 799 1911; x_wconf 82' lang='lat' dir='ltr'>appendice,</span> <span class='ocrx_word' id='word_1_158' title='bbox 855 1848 1083 1896; x_wconf 90' lang='lat' dir='ltr'>columna</span> <span class='ocrx_word' id='word_1_159' title='bbox 1123 1850 1266 1899; x_wconf 87' lang='grc'><strong>1878.</strong></span> <span class='ocrx_word' id='word_1_160' title='bbox 1302 1848 1372 1900; x_wconf 85' lang='lat' dir='ltr'>sic</span> <span class='ocrx_word' id='word_1_161' title='bbox 1407 1846 1588 1911; x_wconf 87' lang='lat' dir='ltr'>legitur</span> <span class='ocrx_word' id='word_1_162' title='bbox 1614 1868 1628 1896; x_wconf 68' lang='grc' dir='ltr'>ε</span> 
     </span>
     <span class='ocr_line' id='line_1_26' title="bbox 191 1914 1632 1980; baseline 0.001 -18"><span class='ocrx_word' id='word_1_163' title='bbox 191 1915 543 1979; x_wconf 78' lang='lat' dir='ltr'>Desponsatam</span> <span class='ocrx_word' id='word_1_164' title='bbox 569 1914 776 1980; x_wconf 76' lang='lat' dir='ltr'>puellam</span> <span class='ocrx_word' id='word_1_165' title='bbox 814 1933 904 1964; x_wconf 81' lang='lat' dir='ltr'>non</span> <span class='ocrx_word' id='word_1_166' title='bbox 952 1915 1058 1965; x_wconf 83' lang='lat' dir='ltr'>licet</span> <span class='ocrx_word' id='word_1_167' title='bbox 1104 1914 1382 1980; x_wconf 27' lang='lat' dir='ltr'>parentibus*</span> <span class='ocrx_word' id='word_1_168' title='bbox 1424 1918 1632 1973; x_wconf 71' lang='lat' dir='ltr'>tradere,</span> 
     </span>
     <span class='ocr_line' id='line_1_27' title="bbox 189 1981 1639 2038; baseline 0.001 -10"><span class='ocrx_word' id='word_1_169' title='bbox 189 1981 328 2030; x_wconf 71' lang='lat' dir='ltr'>aliud</span> <span class='ocrx_word' id='word_1_170' title='bbox 380 1990 538 2031; x_wconf 76' lang='lat' dir='ltr'>tamen</span> <span class='ocrx_word' id='word_1_171' title='bbox 596 1983 663 2030; x_wconf 83' lang='lat' dir='ltr'>ad</span> <span class='ocrx_word' id='word_1_172' title='bbox 724 1984 1072 2032; x_wconf 74' lang='lat' dir='ltr'>Monasterium</span> <span class='ocrx_word' id='word_1_173' title='bbox 1136 1982 1256 2031; x_wconf 78' lang='lat' dir='ltr'>licet.</span> <span class='ocrx_word' id='word_1_174' title='bbox 1329 1984 1639 2038; x_wconf 57' lang='lat' dir='ltr'>‘Concilium&#39;</span> 
     </span>
     <span class='ocr_line' id='line_1_28' title="bbox 189 2049 1627 2114; baseline 0.001 -17"><span class='ocrx_word' id='word_1_175' title='bbox 189 2050 586 2114; x_wconf 85' lang='lat' dir='ltr'>Compendiense</span> <span class='ocrx_word' id='word_1_176' title='bbox 622 2066 700 2097; x_wconf 88' lang='lat' dir='ltr'>an.</span> <span class='ocrx_word' id='word_1_177' title='bbox 737 2052 852 2102; x_wconf 88' lang='grc'>775.</span> <span class='ocrx_word' id='word_1_178' title='bbox 889 2067 997 2098; x_wconf 87' lang='lat' dir='ltr'>can.</span> <span class='ocrx_word' id='word_1_179' title='bbox 1038 2055 1084 2098; x_wconf 83' lang='lat'>3.</span> <span class='ocrx_word' id='word_1_180' title='bbox 1121 2051 1188 2098; x_wconf 88' lang='lat' dir='ltr'>ait</span> <span class='ocrx_word' id='word_1_181' title='bbox 1225 2049 1459 2099; x_wconf 75' lang='lat' dir='ltr'>mulierem</span> <span class='ocrx_word' id='word_1_182' title='bbox 1492 2068 1627 2114; x_wconf 71' lang='lat' dir='ltr'>posse</span> 
     </span>
     <span class='ocr_line' id='line_1_29' title="bbox 185 2115 1633 2183; baseline 0.002 -20"><span class='ocrx_word' id='word_1_183' title='bbox 185 2115 335 2166; x_wconf 64' lang='lat' dir='ltr'>*velum</span> <span class='ocrx_word' id='word_1_184' title='bbox 372 2119 420 2166; x_wconf 79' lang='lat' dir='ltr'>in</span> <span class='ocrx_word' id='word_1_185' title='bbox 446 2126 585 2183; x_wconf 78' lang='lat' dir='ltr'>caput</span> <span class='ocrx_word' id='word_1_186' title='bbox 609 2119 807 2175; x_wconf 82' lang='lat' dir='ltr'>mittere,</span> <span class='ocrx_word' id='word_1_187' title='bbox 828 2117 964 2166; x_wconf 77' lang='lat' dir='ltr'>etiam</span> <span class='ocrx_word' id='word_1_188' title='bbox 984 2118 1128 2167; x_wconf 77' lang='lat' dir='ltr'>invito</span> <span class='ocrx_word' id='word_1_189' title='bbox 1152 2118 1252 2166; x_wconf 80' lang='lat' dir='ltr'>viro</span> <span class='ocrx_word' id='word_1_190' title='bbox 1271 2136 1367 2166; x_wconf 80' lang='lat' dir='ltr'>suo.</span> <span class='ocrx_word' id='word_1_191' title='bbox 1465 2119 1514 2165; x_wconf 82' lang='lat' dir='ltr'>Si</span> <span class='ocrx_word' id='word_1_192' title='bbox 1541 2119 1633 2166; x_wconf 51' lang='lat' dir='ltr'>au?</span> 
     </span>
     <span class='ocr_line' id='line_1_30' title="bbox 187 2184 1626 2249; baseline 0.001 -18"><span class='ocrx_word' id='word_1_193' title='bbox 187 2195 291 2232; x_wconf 79' lang='lat' dir='ltr'>tem</span> <span class='ocrx_word' id='word_1_194' title='bbox 314 2191 403 2248; x_wconf 83' lang='lat' dir='ltr'>pro</span> <span class='ocrx_word' id='word_1_195' title='bbox 428 2184 596 2248; x_wconf 86' lang='lat' dir='ltr'>primis</span> <span class='ocrx_word' id='word_1_196' title='bbox 620 2185 813 2234; x_wconf 85' lang='lat' dir='ltr'>saeculis</span> <span class='ocrx_word' id='word_1_197' title='bbox 836 2186 1069 2249; x_wconf 85' lang='lat' dir='ltr'>pauciora</span> <span class='ocrx_word' id='word_1_198' title='bbox 1109 2194 1378 2249; x_wconf 85' lang='lat' dir='ltr'>suppetunt</span> <span class='ocrx_word' id='word_1_199' title='bbox 1410 2186 1626 2233; x_wconf 88' lang='lat' dir='ltr'>testimo·</span> 
     </span>
     <span class='ocr_line' id='line_1_31' title="bbox 184 2251 1622 2316; baseline 0.001 -18"><span class='ocrx_word' id='word_1_200' title='bbox 184 2251 283 2308; x_wconf 80' lang='lat' dir='ltr'>nia,</span> <span class='ocrx_word' id='word_1_201' title='bbox 320 2252 371 2299; x_wconf 91' lang='lat' dir='ltr'>id</span> <span class='ocrx_word' id='word_1_202' title='bbox 397 2251 550 2299; x_wconf 80' lang='lat' dir='ltr'>oritur</span> <span class='ocrx_word' id='word_1_203' title='bbox 579 2255 656 2299; x_wconf 83' lang='lat'>10·</span> <span class='ocrx_word' id='word_1_204' title='bbox 693 2267 752 2300; x_wconf 89' lang='lat' dir='ltr'>eo</span> <span class='ocrx_word' id='word_1_205' title='bbox 772 2253 900 2314; x_wconf 92' lang='lat' dir='ltr'>quod</span> <span class='ocrx_word' id='word_1_206' title='bbox 928 2252 1081 2300; x_wconf 89' lang='lat' dir='ltr'>tribus</span> <span class='ocrx_word' id='word_1_207' title='bbox 1117 2253 1357 2316; x_wconf 84' lang='lat' dir='ltr'>prioribus</span> <span class='ocrx_word' id='word_1_208' title='bbox 1385 2252 1622 2300; x_wconf 84' lang='lat' dir='ltr'>Ecclesiae</span> 
     </span>
     <span class='ocr_line' id='line_1_32' title="bbox 182 2318 1617 2367; baseline 0.002 -3"><span class='ocrx_word' id='word_1_209' title='bbox 182 2318 375 2367; x_wconf 74' lang='lat' dir='ltr'>saeculis</span> <span class='ocrx_word' id='word_1_210' title='bbox 434 2319 705 2367; x_wconf 86' lang='lat' dir='ltr'>monastica</span> <span class='ocrx_word' id='word_1_211' title='bbox 751 2320 849 2367; x_wconf 88' lang='lat' dir='ltr'>vita</span> <span class='ocrx_word' id='word_1_212' title='bbox 895 2320 1111 2366; x_wconf 88' lang='lat' dir='ltr'>nondum</span> <span class='ocrx_word' id='word_1_213' title='bbox 1166 2318 1331 2365; x_wconf 82' lang='lat' dir='ltr'>fuerat</span> <span class='ocrx_word' id='word_1_214' title='bbox 1376 2319 1617 2367; x_wconf 82' lang='lat' dir='ltr'>instituta.</span> 
     </span>
     <span class='ocr_line' id='line_1_33' title="bbox 181 2386 1621 2450; baseline 0.001 -17"><span class='ocrx_word' id='word_1_215' title='bbox 181 2386 259 2433; x_wconf 76' lang='lat'>20</span> <span class='ocrx_word' id='word_1_216' title='bbox 298 2386 374 2434; x_wconf 92' lang='lat' dir='ltr'>Eo</span> <span class='ocrx_word' id='word_1_217' title='bbox 411 2387 543 2450; x_wconf 92' lang='lat' dir='ltr'>quod</span> <span class='ocrx_word' id='word_1_218' title='bbox 584 2403 744 2434; x_wconf 87' lang='lat' dir='ltr'>rarum</span> <span class='ocrx_word' id='word_1_219' title='bbox 789 2396 863 2434; x_wconf 88' lang='lat' dir='ltr'>est</span> <span class='ocrx_word' id='word_1_220' title='bbox 902 2386 955 2434; x_wconf 82' lang='lat' dir='ltr'>ut</span> <span class='ocrx_word' id='word_1_221' title='bbox 979 2400 1181 2450; x_wconf 84' lang='lat' dir='ltr'>sponsus</span> <span class='ocrx_word' id='word_1_222' title='bbox 1207 2401 1432 2449; x_wconf 87' lang='lat' dir='ltr'>sponsam</span> <span class='ocrx_word' id='word_1_223' title='bbox 1459 2386 1621 2434; x_wconf 89' lang='lat' dir='ltr'>dimit-</span> 
     </span>
     <span class='ocr_line' id='line_1_34' title="bbox 179 2454 1617 2568; baseline 0.001 -67"><span class='ocrx_word' id='word_1_224' title='bbox 179 2464 253 2501; x_wconf 87' lang='lat' dir='ltr'>tat</span> <span class='ocrx_word' id='word_1_225' title='bbox 277 2465 392 2502; x_wconf 85' lang='lat' dir='ltr'>ant-e</span> <span class='ocrx_word' id='word_1_226' title='bbox 426 2454 718 2502; x_wconf 83' lang='lat' dir='ltr'>matrimonii</span> <span class='ocrx_word' id='word_1_227' title='bbox 758 2454 1243 2502; x_wconf 87' lang='lat' dir='ltr'>consummationem.</span> <span class='ocrx_word' id='word_1_228' title='bbox 1318 2454 1466 2568; x_wconf 86' lang='lat' dir='ltr'>Unde</span> <span class='ocrx_word' id='word_1_229' title='bbox 1508 2470 1617 2502; x_wconf 87' lang='lat' dir='ltr'>raro</span> 
     </span>
     <span class='ocr_line' id='line_1_35' title="bbox 179 2519 1618 2585; baseline 0.001 -17"><span class='ocrx_word' id='word_1_230' title='bbox 179 2537 234 2568; x_wconf 86' lang='lat' dir='ltr'>se</span> <span class='ocrx_word' id='word_1_231' title='bbox 260 2520 397 2569; x_wconf 80' lang='lat' dir='ltr'>dedit</span> <span class='ocrx_word' id='word_1_232' title='bbox 423 2522 617 2570; x_wconf 89' lang='lat' dir='ltr'>occasio</span> <span class='ocrx_word' id='word_1_233' title='bbox 644 2538 702 2569; x_wconf 89' lang='lat' dir='ltr'>ea</span> <span class='ocrx_word' id='word_1_234' title='bbox 726 2522 807 2569; x_wconf 90' lang='lat' dir='ltr'>de</span> <span class='ocrx_word' id='word_1_235' title='bbox 827 2538 879 2570; x_wconf 88' lang='lat' dir='ltr'>re</span> <span class='ocrx_word' id='word_1_236' title='bbox 921 2519 1283 2585; x_wconf 85' lang='lat' dir='ltr'>pronuntiandi.</span> <span class='ocrx_word' id='word_1_237' title='bbox 1440 2521 1618 2575; x_wconf 80' lang='lat' dir='ltr'>·Quia</span> 
     </span>
     <span class='ocr_line' id='line_1_36' title="bbox 177 2586 1615 2652; baseline 0 -16"><span class='ocrx_word' id='word_1_238' title='bbox 177 2589 425 2651; x_wconf 84' lang='lat' dir='ltr'>exempla,</span> <span class='ocrx_word' id='word_1_239' title='bbox 462 2589 501 2636; x_wconf 90' lang='lat' dir='ltr'>si</span> <span class='ocrx_word' id='word_1_240' title='bbox 550 2605 659 2652; x_wconf 88' lang='lat' dir='ltr'>quae</span> <span class='ocrx_word' id='word_1_241' title='bbox 710 2589 927 2647; x_wconf 84' lang='lat' dir='ltr'>fuerunt,</span> <span class='ocrx_word' id='word_1_242' title='bbox 988 2597 1253 2652; x_wconf 85' lang='lat' dir='ltr'>potuerunt</span> <span class='ocrx_word' id='word_1_243' title='bbox 1294 2586 1506 2649; x_wconf 87' lang='lat' dir='ltr'>ignorari</span> <span class='ocrx_word' id='word_1_244' title='bbox 1553 2589 1615 2636; x_wconf 85' lang='lat' dir='ltr'>ab</span> 
     </span>
    </p>
   </div>
   <div class='ocr_carea' id='block_1_3' title="bbox 101 2654 1615 2719">
    <p class='ocr_par' dir='ltr' id='par_1_6' title="bbox 101 2654 1615 2719">
     <span class='ocr_line' id='line_1_37' title="bbox 101 2654 1615 2719; baseline 0 -16"><span class='ocrx_word' id='word_1_245' title='bbox 101 2684 108 2688; x_wconf 33' lang='grc' dir='ltr'><em>ι</em></span> <span class='ocrx_word' id='word_1_246' title='bbox 178 2654 528 2703; x_wconf 88' lang='lat' dir='ltr'>ecclesiasticis</span> <span class='ocrx_word' id='word_1_247' title='bbox 556 2656 903 2719; x_wconf 86' lang='lat' dir='ltr'>Scriptoribus‚</span> <span class='ocrx_word' id='word_1_248' title='bbox 930 2658 1007 2703; x_wconf 93' lang='lat' dir='ltr'>vel</span> <span class='ocrx_word' id='word_1_249' title='bbox 1035 2654 1207 2714; x_wconf 82' lang='lat' dir='ltr'>omitti,</span> <span class='ocrx_word' id='word_1_250' title='bbox 1246 2656 1299 2702; x_wconf 85' lang='lat' dir='ltr'>ut</span> <span class='ocrx_word' id='word_1_251' title='bbox 1343 2655 1405 2702; x_wconf 85' lang='lat' dir='ltr'>ad</span> <span class='ocrx_word' id='word_1_252' title='bbox 1447 2672 1615 2703; x_wconf 85' lang='lat' dir='ltr'>eorum</span> 
     </span>
    </p>
   </div>
   <div class='ocr_carea' id='block_1_4' title="bbox 175 2722 1615 2935">
    <p class='ocr_par' dir='ltr' id='par_1_7' title="bbox 175 2722 1615 2920">
     <span class='ocr_line' id='line_1_38' title="bbox 175 2722 997 2785; baseline 0.001 -15"><span class='ocrx_word' id='word_1_253' title='bbox 175 2738 376 2785; x_wconf 82' lang='lat' dir='ltr'>scopum</span> <span class='ocrx_word' id='word_1_254' title='bbox 404 2722 598 2770; x_wconf 88' lang='lat' dir='ltr'>minime</span> <span class='ocrx_word' id='word_1_255' title='bbox 626 2723 997 2771; x_wconf 87' lang='lat' dir='ltr'>conducentia.</span> 
     </span>
     <span class='ocr_line' id='line_1_39' title="bbox 249 2788 1615 2867; baseline 0 -30"><span class='ocrx_word' id='word_1_256' title='bbox 249 2790 498 2838; x_wconf 79' lang='lat' dir='ltr'>Praeterea</span> <span class='ocrx_word' id='word_1_257' title='bbox 543 2789 642 2838; x_wconf 85' lang='lat' dir='ltr'>dici</span> <span class='ocrx_word' id='word_1_258' title='bbox 700 2792 872 2854; x_wconf 85' lang='lat' dir='ltr'>nequit</span> <span class='ocrx_word' id='word_1_259' title='bbox 933 2789 1211 2839; x_wconf 78' lang='lat' dir='ltr'>Ecclesiae</span> <span class='ocrx_word' id='word_1_260' title='bbox 1231 2788 1615 2867; x_wconf 75' lang='lat' dir='ltr'>declarationem</span> 
     </span>
     <span class='ocr_line' id='line_1_40' title="bbox 177 2855 1615 2935; baseline -0.001 -30"><span class='ocrx_word' id='word_1_261' title='bbox 177 2867 228 2905; x_wconf 86' lang='lat' dir='ltr'>et</span> <span class='ocrx_word' id='word_1_262' title='bbox 254 2857 441 2934; x_wconf 79' lang='lat' dir='ltr'>praxim</span> <span class='ocrx_word' id='word_1_263' title='bbox 469 2857 603 2904; x_wconf 92' lang='lat' dir='ltr'>nullo</span> <span class='ocrx_word' id='word_1_264' title='bbox 628 2857 783 2905; x_wconf 87' lang='lat' dir='ltr'>solido</span> <span class='ocrx_word' id='word_1_265' title='bbox 808 2858 1128 2935; x_wconf 82' lang='lat' dir='ltr'>fundamento</span> <span class='ocrx_word' id='word_1_266' title='bbox 1166 2855 1270 2913; x_wconf 83' lang='lat' dir='ltr'>niti,</span> <span class='ocrx_word' id='word_1_267' title='bbox 1308 2873 1426 2919; x_wconf 89' lang='lat' dir='ltr'>ergo</span> <span class='ocrx_word' id='word_1_268' title='bbox 1452 2856 1488 2904; x_wconf 89' lang='lat' dir='ltr'>si</span> <span class='ocrx_word' id='word_1_269' title='bbox 1516 2873 1615 2903; x_wconf 79' lang='lat' dir='ltr'>non</span> 
     </span>
    </p>
   </div>
   <div class='ocr_carea' id='block_1_5' title="bbox 177 2893 1612 3039">
    <p class='ocr_par' dir='ltr' id='par_1_8' title="bbox 177 2893 1612 3039">
     <span class='ocr_line' id='line_1_41' title="bbox 177 2893 1612 3038; baseline 0.001 -68"><span class='ocrx_word' id='word_1_270' title='bbox 177 2924 378 2972; x_wconf 72' lang='lat' dir='ltr'>fulcitur</span> <span class='ocrx_word' id='word_1_271' title='bbox 415 2925 460 2972; x_wconf 89' lang='lat' dir='ltr'>in</span> <span class='ocrx_word' id='word_1_272' title='bbox 520 2924 783 2989; x_wconf 85' lang='lat' dir='ltr'>Scripturis</span> <span class='ocrx_word' id='word_1_273' title='bbox 843 2935 927 2973; x_wconf 88' lang='lat' dir='ltr'>aut</span> <span class='ocrx_word' id='word_1_274' title='bbox 984 2925 1031 2972; x_wconf 89' lang='lat' dir='ltr'>in</span> <span class='ocrx_word' id='word_1_275' title='bbox 1085 2893 1383 3038; x_wconf 58' lang='grc' dir='ltr'>Τιεᾱίῐῗοηὲ</span> <span class='ocrx_word' id='word_1_276' title='bbox 1413 2936 1612 3037; x_wconf 49' lang='grc' dir='ltr'>εεϊὲρῐει,</span> 
     </span>
     <span class='ocr_line' id='line_1_42' title="bbox 1374 3007 1604 3039; baseline 0 -3"><span class='ocrx_word' id='word_1_277' title='bbox 1374 3008 1479 3039; x_wconf 87' lang='lat' dir='ltr'>1cen</span> <span class='ocrx_word' id='word_1_278' title='bbox 1525 3007 1604 3037; x_wconf 83' lang='lat' dir='ltr'>um</span> 
     </span>
    </p>
   </div>
  </div>
 </body>
</html>
