1846 3250
528 208 625 258 DE
662 195 1163 256 MATRlMoNio.
1485 199 1595 260 35?

237 344 573 402 Quceres160·
609 357 670 389 an
715 340 945 405 Episcopi
973 339 1033 388 ad
1060 338 1200 388 aliam
1231 339 1591 389 Sedem'trans-

162 411 246 459 lati
283 410 585 474 privilegium
640 408 738 471 quo
791 409 839 455 in
897 408 1053 471 prima
1101 407 1231 456 Sede
1285 409 1592 467 fruebantur,

164 494 331 526 secum
357 477 648 524 transferant
674 477 697 521 Ρ
1420 500 1423 503 <

233 544 299 595 R.
334 544 562 608 negative,
600 543 637 590 si
675 551 848 604 agatur
885 542 947 589 de
989 552 1234 605 potestate
1282 541 1595 606 dispensandi

166 612 425 667 ordinaria,
465 609 579 674 quia
625 611 727 656 haec
766 609 880 656 Sedi
918 625 1110 657 annexa
1146 620 1236 657 est.
1324 611 1486 657 Aliter
1518 617 1599 658 ‘est

166 694 283 726 vero
307 677 345 725 si
372 688 545 740 agatur
565 677 627 724 de
648 676 905 740 Episcopis
927 677 1007 739 qui
1031 693 1085 724 ex
1100 676 1280 725 indulto
1300 677 1602 741 dispensant.

168 746 311 793 Tunc
337 746 464 793 enim
507 744 813 808 privilegium
856 745 1111 806 personale
1137 754 1227 791 est.
1313 745 1468 792 Porro
1503 743 1600 820 pri·

168 813 397 875 vilegium
424 813 679 875 personale
722 826 975 874 personam
1013 812 1234 875 sequitur
1276 821 1324 859 et
1350 810 1598 895 extingui-

168 891 248 928 tur
274 896 384 928 cum
410 880 492 926 illa
516 895 740 942 persona,
763 878 887 941 Reg.
911 881 1022 926 dur.
1047 880 1115 926 in·
1121 882 1169 927 6.
1262 893 1264 895 ·

246 949 442 1003 Quaeres
469 950 584 997 170·
610 962 668 993 an
696 946 886 992 Vicarii·
904 946 1158 1008 generales
1199 955 1399 1009 possunt
1433 946 1481 994 in
1516 944 1602 994 im

171 1014 463 1079 pedimentis
487 1013 919 1060 matrimonialibus
944 1012 1225 1076 dispensare
1251 1014 1268 1061 ἒ

240 1082 307 1128 R.
342 1096 427 1128 eos
452 1096 516 1127 ex
543 1080 786 1128 Ducassio
810 1095 954 1142 posse
996 1079 1277 1143 dispensare
1301 1078 1349 1126 in
1375 1077 1601 1129 omnibus

172 1147 531 1211 impedimentis
567 1148 615 1193 in
653 1146 829 1210 quibus
883 1147 1105 1195 iddure
1143 1147 1389 1195 ordinario
1438 1146 1603 1198 valent

174 1215 422 1279 Episcopi,
458 1214 682 1277 aquibus
706 1230 839 1262 suam
867 1223 1161 1277 potestatem
1202 1224 1390 1262 tenent.
1474 1215 1605 1263 Cen-

174 1293 283 1330 sent
306 1293 469 1330 tamen
497 1281 791 1329 Sanchesius
817 1291 868 1329 et
897 1281 1183 1329 Sambovius
1209 1298 1293 1330 eos
1317 1298 1414 1328 non
1439 1297 1602 1345 posse,

174 1350 264 1397 nisi
300 1349 564 1412 specialem
617 1364 676 1396 ea
733 1349 796 1396 de
854 1364 907 1396 re
965 1358 1258 1411 potestatem
1306 1349 1605 1412 acceperint.

177 1416 413 1465 Tenenda
438 1427 513 1464 est
550 1416 599 1462 in
624 1416 763 1479 praxi
805 1416 1045 1479 posterior
1086 1416 1192 1463 haec
1234 1417 1493 1473 sententia,
1529 1426 1605 1464 ut-

174 1494 292 1549 pote
338 1483 504 1531 tutior.
576 1483 625 1530 Si
673 1482 997 1546 vero'agitur
1039 1483 1100 1531 de
1152 1483 1514 1546 impedimentis
1554 1483 1605 1532 in

177 1551 353 1613 quibus
379 1550 609 1614 Episcopi
636 1566 699 1597 ex
738 1550 929 1597 indulto
972 1550 1267 1613 dispensant,
1304 1561 1495 1599 certum
1531 1559 1607 1598 est

178 1617 401 1666 Vicarios
425 1618 679 1681 generales
718 1633 814 1664 non
855 1632 998 1679 posse
1037 1617 1352 1680 dispensare;
1388 1617 1502 1683 quia
1535 1615 1606 1664 in—

178 1685 367 1733 dultum
406 1694 479 1732 est
528 1684 832 1760 privilegium
896 1699 1110 1747 personae
1170 1699 1436 1747 annexum,
1473 1684 1604 1751 quod

176 1767 273 1801 non
299 1751 655 1799 transmittitur.
1277 1774 1281 1779 ·
1590 1778 1591 1781 =

253 1820 445 1877 Quaeres
476 1820 586 1865 180·
624 1834 684 1865 an
717 1817 959 1866 Ecclesiae
1001 1811 1326 1877 cathedrales,
1367 1819 1498 1867 Sede
1521 1834 1603 1866 va-

179 1897 341 1943 cante,
366 1885 552 1948 possint
576 1885 925 1947 impedimenta
948 1886 1319 1933 matrimonialia
1342 1887 1566 1933 relaxare
1583 1887 1607 1932 Ῥ

251 1950 318 2000 R.
354 1953 459 2000 illas
490 1952 748 1999 Ecclesias
795 1969 856 2000 ex
902 1952 1065 2016 rigore
1101 1953 1234 2002 Juris
1270 1969 1415 2016 posse
1450 1954 1607 2001 hocce

183 2019 425 2083 temporis
441 2019 599 2081 spatio
623 2035 711 2081 per
736 2035 848 2066 suos
873 2019 1095 2067 Vicarios
1133 2021 1388 2083 generales
1414 2020 1609 2082 dispen-

185 2102 293 2134 sare
318 2086 364 2132 in
389 2085 446 2133 iis
472 2085 694 2133 omnibus
725 2085 1085 2148 impedimentis
1126 2087 1174 2133 in
1204 2088 1378 2150 quibus
1405 2087 1609 2151 Episco-

183 2168 274 2217 pus
309 2161 554 2217 potestate
591 2153 832 2200 ordinaria
868 2153 914 2199 id
931 2155 1097 2212 valet,
1157 2154 1396 2218 siquidem
1456 2165 1607 2202 totam

186 2220 418 2284 Episcopi
448 2219 835 2281 jurisdictionem
869 2221 1067 2267 habent.
1164 2222 1509 2279 Nihilominu5‚
1544 2237 1609 2270 ex

184 2304 293 2341 usu,
329 2287 378 2333 id
403 2302 499 2334 non
524 2297 743 2348 possunt,
775 2290 922 2350 juxta
964 2288 1259 2335 Collatorem
1287 2289 1608 2337 parisiensem

186 2366 305 2402 tom.
330 2357 377 2400 3.
405 2370 455 2416 p.
483 2358 599 2406 407.
642 2354 755 2417 quia
795 2370 892 2401 non
917 2354 1110 2402 videtur
1150 2356 1245 2403 hoc
1287 2356 1375 2404 Jus
1403 2356 1612 2404 Sedibus
1674 2365 1682 2369 ’

190 2421 548 2484 episcopalibus
582 2437 844 2477 annexum,
904 2421 995 2468 nisi
1048 2438 1107 2469 ea
1143 2423 1424 2472 conditione
1462 2434 1514 2470 ut
1551 2424 1611 2470 ab

187 2488 447 2552 Episcopis
490 2500 575 2535 aut
624 2505 792 2536 eorum
846 2488 1107 2550 Delegatis
1158 2500 1467 2537 exerceatur.
1553 2490 1612 2537 si

190 2565 351 2602 tamen
389 2553 609 2617 quaedam
648 2556 886 2602 Ecclesiae
940 2555 1391 2604 cathedrales‘hoc
1437 2558 1528 2605 Jus
1564 2556 1612 2604 in

191 2620 331 2684 praxi
356 2632 687 2676 servaverunt,
725 2622 924 2669 dubium
952 2638 1061 2668 >non
1089 2634 1160 2671 est
1187 2623 1301 2686 quin
1328 2623 1447 2678 illud
1471 2639 1612 2671 exer-

193 2704 305 2735 cere
331 2688 531 2763 possintr
583 2689 824 2737 Caeterum
854 2689 1163 2737 consentiunt
1185 2691 1426 2753 Theologi
1447 2707 1616 2738 omnes

192 2821 328 2885 quasi
365 2822 692 2884 episcopalem
728 2823 926 2878 habent,
986 2835 1080 2871 nec
1119 2825 1454 2873 Confessarios
1492 2835 1615 2872 tem·-

192 2904 310 2951 pore
346 2888 540 2937 Jubilaei
592 2889 940 2955 impedimenta
979 2890 1350 2940 matrimonialia
1392 2893 1616 2939 relaxare

192 2970 350 3018 posse

1430 3025 1619 3085 Quaeres
