1846 3250
237 168 333 216 182
716 154 1144 216 TRACTATUS

232 304 468 351 Tractatu
495 301 556 348 de
584 300 823 360 Ecclesia,
863 302 945 351 ubi
982 302 1042 350 de
1070 301 1407 365 jurisdictione
1434 304 1636 368 Episco-

230 383 402 435 porum
428 385 486 416 ac
512 369 573 416 de
598 368 795 432 speciali
831 370 1083 434 privilegio
1109 372 1240 434 quod
1276 372 1389 436 ipsis
1415 373 1474 420 ad
1506 373 1637 436 judi-

232 439 411 486 candas
456 436 591 484 Fidei
634 439 984 487 controversias
1025 454 1054 486 a
1082 438 1288 488 xChristo
1331 443 1634 496 concessam,

233 505 549 570 Praesbyteris
588 521 704 552 vero
747 507 1032 572 caeterisque
1079 507 1299 556 omnibus
1342 508 1637 573 denegatum

235 583 325 621 est.

235 730 279 842 ἓ
315 777 361 823 5.
396 774 476 824 De
495 776 865 837 Praeroyatzvis‚
913 774 1112 838 Officiis,
1149 774 1395 823 Gradibus
1427 784 1471 823 et
1502 776 1639 826 Hec-

685 847 808 891 tione
830 843 1196 907 Episcoporum.

257 979 276 1011 s
308 981 500 1035 Quaeres
523 982 595 1027 10·
621 995 839 1044 quaenam
864 978 925 1027 sit
945 979 1293 1043 Episcoporum
1318 979 1365 1026 in
1391 981 1534 1028 rebus
1561 995 1640 1028 ec-

235 1048 519 1096 clesiasticis
543 1047 805 1096 auctoritas
831 1057 881 1095 et
897 1048 1206 1109 jtlrisdictio?

254 1143 258 1147 -
304 1115 370 1163 R.
399 1119 459 1162 1⁰·
511 1115 634 1173 illos,
674 1126 723 1163 et
760 1115 954 1178 quidem
997 1116 1141 1172 solos,
1175 1120 1287 1178 jure
1327 1113 1490 1161 divino
1532 1131 1638 1163 esse

233 1183 362 1232 solos
395 1183 828 1232 controversiarum
853 1183 1072 1232 Judices.
1124 1186 1189 1230 2⁰·
1227 1182 1352 1230 Fieri
1377 1199 1471 1229 non
1496 1199 1637 1245 posse

236 1262 291 1298 ut
317 1266 426 1314 pars
451 1262 618 1300 eorum
643 1251 855 1299 maxima
878 1251 998 1298 iniis
1015 1268 1122 1314 quae
1141 1250 1204 1298 ad
1223 1249 1390 1298 Fidem
1416 1250 1640 1306 attinent,

237 1334 449 1367 errorem
491 1319 684 1368 doceat.
737 1321 800 1365 2⁰·
838 1319 936 1366 Eos
974 1335 1109 1366 suam
1135 1318 1182 1364 in
1221 1319 1364 1366 rebus
1390 1317 1645 1366 ecclesias-

237 1387 345 1435 ticis
387 1386 728 1451 auctoritatem
766 1402 826 1434 ae
859 1385 1245 1449 jurisdictionem
1282 1401 1375 1433 nec
1405 1402 1433 1432 a
1458 1385 1644 1433 Princi-

236 1456 375 1517 pibus
411 1455 739 1519 saecula1·i'bus,
776 1470 868 1502 nec
893 1471 922 1502 a
945 1470 1185 1502 consensu
1212 1454 1640 1518 Praesbyterorum,

235 1534 328 1571 nec
353 1538 382 1570 a
404 1540 592 1570 summo
615 1521 854 1571 pontifice
879 1522 1104 1580 mutuari,
1129 1522 1217 1570 sed
1241 1523 1301 1569 ab
1324 1522 1429 1585 ipso
1451 1521 1643 1570 Christo

233 1590 519 1638 immediate*
549 1591 815 1653 accepisse.
870 1594 935 1638 4⁰·
971 1590 1089 1637 Illos
1116 1590 1442 1638 immediatam
1469 1600 1567 1636 tum
1593 1590 1642 1635 in

235 1659 437 1706 Plebem
477 1657 567 1706 sibi
606 1658 867 1714 subditam,
902 1667 1004 1704 tum
1030 1657 1078 1703 in
1105 1659 1317 1713 Clerum‚
1346 1656 1643 1718 jurisdictio-

236 1742 346 1774 nem
373 1726 568 1774 habere.
642 1727 765 1773 Haec
789 1726 837 1772 in
864 1725 1099 1772 Tractatu
1124 1725 1185 1772 de
1218 1725 1438 1772 Ecclesia
1462 1741 1490 1772 a
1510 1725 1639 1772 The-

235 1794 390 1858 ologis
429 1793 745 1843 demonstrari
780 1794 953 1850 solent,
990 1803 1040 1841 et
1064 1793 1176 1840 olim
1202 1809 1230 1840 a
1254 1792 1390 1839 nobis
1415 1792 1638 1840 demons-

234 1873 359 1910 trata
380 1862 535 1910 fuere.
1052 1884 1057 1889 ·

313 1932 509 1990 Quaeres
542 1931 614 1976 {2⁰-
656 1944 872 1994 quaenam
915 1927 1009 1976 sint
1049 1928 1323 1976 functiones
1354 1943 1442 1975 seu
1483 1926 1638 1975 officia

237 1999 619 2064 Episcoporum.
607 1999 632 2032 P

264 2090 270 2097 ·
303 2067 370 2115 R.
417 2076 603 2128 septem
654 2080 909 2112 recensere
951 2063 1150 2112 Librum
1195 2063 1522 2128 pontificalem
1564 2061 1638 2109 his

234 2134 422 2182 verbis:
460 2133 754 2196 Episcopum
778 2141 955 2194 oportet
970 2133 1198 2196 judicare
1221 2132 1526 2194 interpretari
1547 2131 1637 2177 sci-

234 2203 351 2251 licet
391 2203 590 2249 verbum
632 2200 744 2255 Dei,
787 2216 1058 2246 consecrare
1092 2200 1279 2247 scilicet
1306 2199 1508 2253 Altaria,
1548 2199 1638 2247 Ca-

233 2272 368 2327 lices,
391 2269 611 2332 Templa,
639 2268 683 2314 V
686 2266 890 2331 irgines;
926 2268 1165 2323 ordinare,
1190 2266 1374 2331 offerre,
1395 2266 1639 2328 baptizare

233 2349 278 2386 ec
299 2338 594 2400 confirmare.
867 2358 870 2361 ·

306 2406 576 2459 Concilium
599 2402 733 2450 Trid.
756 2418 872 2450 sess.
901 2404 979 2449 23.
1015 2416 1121 2465 cap.
1151 2403 1191 2448 1.
1229 2400 1290 2448 de
1318 2400 1534 2447 Reform.
1569 2399 1639 2447 sic

235 2477 297 2522 de
323 2475 488 2522 officiis
516 2473 868 2549 Episcoporum
893 2469 1133 2532 loquitur:
1184 2468 1306 2515 Cum
1329 2469 1492 2514 divino
1506 2485 1637 2530 prse-

235 2551 362 2605 cepto
397 2543 674 2589 mandatum
698 2541 762 2586 sit
781 2537 996 2586 omnibus
1029 2536 1199 2600 quibus
1222 2538 1495 2582 animarum
1519 2552 1638 2582 cura

235 2612 480 2657 commissa
498 2617 576 2663 est,
602 2624 706 2654 oves
728 2624 841 2654 suas
857 2620 1119 2667 aqnoscere,
1144 2620 1240 2666 pro
1264 2606 1325 2650 iis
1347 2603 1637 2666 saer-{ficium

235 2677 421 2742 offerre,
438 2694 466 2722 r
469 2676 656 2738 orbique
672 2676 725 2720 di
726 2677 826 2720 vim
820 2674 1197 2736 praedicatione,
1220 2671 1640 2718 sacramentorum

237 2746 661 2797 administratione,
680 2759 738 2788 ac
747 2736 979 2788 bonorum
998 2756 1208 2786 ommam
1222 2756 1414 2802 operum
1432 2740 1638 2801 exemplo

228 2829 438 2877 pascere,
451 2826 719 2874 pauperum
740 2809 1037 2870 aliarumque
1054 2807 1391 2854 miserabilzum
1411 2823 1639 2870 persona-

237 2898 343 2928 rum
356 2896 528 2931 euram
540 2886 790 2941 paternam
807 2892 931 2937 yerev
934 2893 1003 2923 ·..e
1012 2890 1140 2938 .quoe
1157 2877 1318 2922 omnia
1335 2890 1636 2937 nequaquam

211 2950 299 2996 ab
323 2951 383 2996 iis
404 2948 633 3012 p‘taestari
654 2953 698 2993 et
721 2944 906 3007 impleri
927 2950 1146 3008 possum,
1181 2945 1267 3006 qui
1283 2944 1422 3005 ,φερέ
1444 2956 1539 3053 nor}
1562 2943 1634 2986 in-

1417 3024 1515 3069 veyz
1537 3016 1635 3065 ant,
