1846 3250
537 186 633 234 DE
671 180 1170 236 MATmMONm.
1267 199 1271 203 ·
1483 178 1595 246 427,

134 331 212 368 tus
238 320 490 377 obsolevit,
528 320 653 368 adeo
698 331 751 368 ut
794 320 1041 369 Ambrosii
1081 329 1130 367 et
1159 314 1423 381 Augustini
1448 325 1571 363 tem-

134 404 254 450 pore
279 403 374 434 non
400 388 489 434 nisi
513 388 576 435 ad
601 387 908 436 meretricem
951 386 1320 451 significandam
1365 395 1569 447 usurpa·

134 465 284 502 retur.

201 523 321 568 Inst.
362 520 408 568 S.
439 521 545 568 Leo
571 520 727 584 Epist.
760 523 799 567 l.
840 521 901 568 ad
942 520 1220 578 Rusticum,
1258 519 1407 566 docet
1449 533 1566 565 con-

132 588 357 635 cubinam
383 604 479 634 non
506 605 611 636 esse
638 604 858 645 uxorem,
897 599 947 635 et
987 589 1035 633 in
1061 586 1400 651 probationem
1425 585 1566 632 affert

129 655 407 718 exemplum
438 656 569 703 Sarae
594 665 642 702 et
671 657 822 718 Agar.
893 656 1045 721 Ergo,
1071 659 1162 702 ὅτε.

197 723 260 770 R.
288 723 337 769 S.
366 722 583 770 Leonem
609 723 704 770 hoc
732 735 880 769 unum
907 722 1073 770 dicere
1103 725 1241 784 Agar
1281 720 1430 768 fuisse
1456 719 1563 765 An·

128 788 288 837 cillam
328 790 557 845 Abrahae,
594 806 687 837 nec
745 805 927 851 negare
981 805 1087 837 eam
1141 789 1290 836 fuisse
1338 801 1561 842 uxorem.

130 857 373 904 Caeterum
399 857 617 904 nonnulli
646 857 696 904 S.
722 852 942 904 Leonem
968 857 1218 904 deserunt.

197 925 344 971 Dices
368 925 449 969 20·
483 925 627 972 Joan.
653 926 699 971 8.
741 922 900 971 Judaei
945 934 997 971 ut
1039 923 1318 986 significent
1357 937 1410 968 se
1451 919 1561 967 des·

127 990 340 1037 cendere
376 988 442 1037 ex'
478 991 596 1037 Sara
630 990 850 1053 legitima
904 1006 1074 1046 uxore,
1128 1006 1226 1037 non
1279 997 1444 1036 autem
1493 1002 1560 1033 ex

128 1058 283 1119 Agar,
319 1056 390 1103 sic
432 1057 729 1120 loquuntur.
771 1058 873 1105 Nos
915 1075 971 1105 ex
982 1057 1315 1120 firnzcaizone
1343 1072 1448 1103 non
1484 1070 1562 1101 su·

126 1139 226 1171 mus
250 1117 365 1172 nati.
436 1124 572 1187 Ergo
599 1126 738 1188 Agar
761 1139 858 1170 non
883 1123 976 1172 fuit
1001 1123 1219 1187 legitima
1243 1137 1385 1171 uxor.

194 1189 518 1239 R.1⁰·cum
544 1191 900 1262 Interpretibus
938 1192 1071 1239 hunc
1108 1191 1286 1239 locum
1297 1206 1394 1238 non
1418 1187 1563 1236 intel-

125 1256 210 1320 ligi
248 1257 309 1305 de
336 1259 491 1322 Agar,
528 1259 614 1306 sed
641 1258 702 1306 de
738 1258 1061 1307 fornicatione
1098 1258 1333 1323 spirituali
1371 1273 1459 1306 seu
1496 1253 1562 1303 de

126 1324 420 1401 idololatria,
456 1342 564 1389 quae
601 1326 886 1374 multoties
875 1343 923 1372 m
951 1326 1215 1395 Scripturis
1247 1325 1427 1373 dicitur
1461 1323 1562 1371 for-

126 1391 323 1448 nicatio,
365 1394 503 1455 quasi
545 1392 763 1441 dicerent
801 1393 997 1443 Judaei:
1035 1409 1122 1441 nos
1164 1410 1261 1441 non
1300 1389 1561 1441 descendi-

125 1475 232 1506 mus
257 1475 320 1507 ex
348 1460 651 1517 Idololatris‚
667 1461 755 1508 sed
780 1478 845 1509 ex
877 1460 1173 1508 Patriarchis
1198 1477 1366 1509 verum
1392 1461 1560 1507 Deum

129 1526 417 1575 colentibus.
488 1528 547 1574 Id
573 1537 710 1591 patet
741 1532 813 1575 1⁰·
839 1528 955 1591 quia
978 1528 1193 1591 alioquin
1217 1529 1249 1576 J
1255 1527 1379 1575 udaex
1404 1523 1559 1574 veluti

122 1590 468 1642 fornicatorem
494 1595 865 1643 inhonorassent
891 1592 1159 1652 Abraham,
1203 1611 1350 1658 quem
1392 1604 1559 1641 tamen

122 1661 302 1709 ibidem
327 1671 515 1724 patrem
540 1662 805 1725 appellant.
872 1664 952 1708 20·
989 1662 1119 1715 Quia
1141 1661 1303 1710 statim
1329 1660 1557 1709 addunt:

132 1729 284 1777 Unum
302 1735 485 1793 patrem
510 1728 727 1777 habemus
751 1729 924 1777 Deum.
1002 1731 1239 1782 Quaenam
1270 1728 1401 1784 enim,
1425 1736 1557 1776 esset

120 1794 213 1842 ista
238 1795 541 1852 consecutio,
578 1812 661 1844 nos
700 1813 756 1844 ex
798 1796 1007 1845 Abrahae
1049 1795 1305 1844 concubina
1346 1795 1440 1844 orti
1464 1811 1561 1843 uon

118 1877 291 1918 summ,
327 1863 410 1910 sed
430 1880 570 1909 unum
587 1870 773 1925 patrem
796 1862 1012 1911 habemus
1036 1864 1209 1911 Deum.
1308 1861 1558 1924 Legitima

121 1944 236 1976 vero
261 1937 334 1976 est
361 1929 452 1976 ista
477 1929 738 1986 connexio,
776 1947 869 1977 non
892 1945 1047 1977 sumus
1071 1931 1165 1978 orti
1187 1947 1243 1978 ex
1262 1929 1554 1988 Idololatris,

118 1997 201 2044 sed
221 2012 286 2060 θα·
301 1995 602 2061 Ραρνἱανσῖιίε
627 2013 765 2044 unum
791 1998 947 2045 Deum
972 1996 1238 2045 colentibus.
1554 2035 1558 2038 .

188 2064 264 2108 2⁰·
303 2062 352 2110 Si
388 2062 492 2110 haec
517 2064 666 2111 verba
717 2062 779 2111 de
820 2062 1155 2112 ‘fornicatione
1206 2064 1389 2112 carnali
1438 2081 1553 2114 cum

120 2129 387 2193 Euthymio
423 2129 738 2187 intellexeris,
791 2129 907 2177 inde
949 2132 1107 2178 solum
1143 2131 1364 2194 sequitur
1406 2133 1556 2195 *quos-

121 2196 231 2243 dam
267 2196 467 2244 Judaeos
502 2207 698 2260 putasse
724 2198 862 2260 Agar
896 2197 1046 2246 fuisse
1083 2199 1426 2247 concubinam.
1484 2202 1553 2248 At

119 2263 181 2310 de
207 2263 529 2324 quorumdam
561 2264 847 2312 Judaeorum
890 2264 1119 2333 opinione
1157 2281 1330 2329 parum
1365 2266 1555 2315 labora-

121 2345 242 2376 mus.

185 2398 304 2444 Inst.
342 2397 392 2444 S.
432 2399 659 2446 Ambros.
694 2398 778 2445 lib.
819 2400 862 2445 1.
897 2399 960 2446 de
999 2399 1266 2457 Abraham,
1310 2416 1355 2447 c.
1401 2405 1449 2448 4.
1487 2417 1552 2449 ex

118 2478 177 2510 eo
214 2462 434 2512 defendit
487 2465 618 2512 hunc
671 2474 892 2512 sanctum
957 2465 1307 2524 Patriarcham,
1346 2467 1447 2530 qui,
1485 2468 1557 2514 vi-

118 2531 262 2577 vente
301 2530 436 2588 Sara,
465 2533 601 2594 Agar
636 2542 977 2594 assumpserat,
1010 2537 1085 2579 10·
1113 2533 1242 2596 quod
1269 2534 1552 2583 adulterium

117 2605 226 2644 tunc
248 2599 467 2659 temporis
490 2600 692 2647 nondum
723 2601 854 2663 Lege
886 2598 1169 2663 prohibitum
1183 2600 1405 2664 fuisset.
1472 2604 1553 2648 20·

119 2663 264 2716 Quod
289 2663 351 2710 de
375 2680 596 2713 consensu
638 2666 796 2714 uoeoris
836 2673 881 2714 et
920 2682 1078 2714 amore
1112 2668 1420 2732 posteritati&
1459 2686 1553 2718 non

120 2746 275 2777 amore
296 2729 517 2788 libidinis,
556 2733 817 2797 zdfi’cerit

187 2797 250 2843 R.
283 2798 347 2844 ad
384 2801 433 2846 S.
456 2797 767 2847 Ambrosium.
806 2799 856 2848 S.
879 2797 1086 2848 Doctor
1126 2801 1214 2864 per
1239 2768 1552 2849 adulterium

113 2861 195 2910 hic
221 2861 450 2939 intelligit
474 2866 818 2929 polygamiam‚
858 2882 967 2930 quae
1009 2877 1232 2931 tempore
1261 2869 1310 2916 S.
1338 2869 1552 2916 Ambro-

115 2928 190 2990 sii,
226 2930 354 2979 sicut
379 2931 554 2981 nostris
579 2932 897 2998 temporibus,
916 2950 1086 2983 verum
1116 2945 1221 3004 erat
1240 2935 1555 2984 adulterium.

423 3022 425 3024 ·
752 2999 798 3046 Ο
825 3016 853 3048 ο
880 3002 910 3046 3
1395 3000 1558 3067 Igitur
