1846 3250
196 152 296 237 sos
626 192 629 193 ⁷
690 180 1119 240 TRAc'TATUs

199 320 432 376 Ecclesia
468 319 797 397 prohibeatur
820 336 878 372 ac
922 324 1067 374 etiam
1122 324 1353 372 irritetur.
1515 325 1634 375 Ut

202 390 423 439 homines
448 388 574 436 sibi
563 389 677 452 ipsis
703 391 926 439 extranei
953 391 1264 440 diversarum
1314 329 1635 440 necessitudi-

202 474 317 506 num
368 455 571 503 vinculis
619 467 896 516 nectantur,
934 460 1104 537 sicque
1139 460 1297 507 latius
1335 459 1636 508 diffundatur

201 524 431 575 charitas.
461 524 546 571 9⁰·
584 525 793 589 Propter
824 528 1143 575 leverentiam
1184 529 1418 607 sangnine
1447 527 1633 590 junctis

202 592 436 641 debitam.
474 595 520 639 3.
558 592 637 640 Ne
663 594 1011 662 consanguinei
1054 596 1116 643 ob
1156 610 1290 658 spem
1340 594 1632 672 matrimonii

203 661 363 708 minus
388 668 523 708 caste
547 659 688 707 simul
716 662 1014 710 cohabitent.
1358 694 1363 698 »
1474 688 1476 690 v

205 736 214 762 “-
277 729 494 784 Quaeres
511 732 590 776 3⁰·
628 737 785 776 utrum
835 729 1231 793 consanguinitas
1285 744 1351 777 ex
1398 734 1635 792 conjunc·

206 796 338 845 tione
388 795 563 843 illicita
615 796 906 859 proveniens
959 798 1048 845 sit
1072 797 1474 861 impedimentum
1523 796 1637 844 ‹liri›-

201 879 359 919 mens,
395 855 520 912 adeo
545 873 599 911 ut
622 863 749 911 filius
775 864 1021 929 legitimus
1047 865 1350 927 contrahere
1362 871 1474 912 non
1483 863 1637 929 possit

205 945 320 980 cum
343 930 507 995 spuria
532 941 583 979 et
609 942 819 996 cognata
844 949 998 997 usque
1040 934 1103 981 ad
1131 941 1373 996 quartum
1380 932 1627 996 'gi-adum.
1615 934 1633 967 θ

236 985 335 1047 R.
364 1000 656 1067 qffirmatzve,
689 1004 763 1047 10·
782 1001 915 1065 quia
938 1002 1064 1048 filius
1100 991 1346 1064 legitimus
1384 1010 1434 1048 et
1457 1000 1568 1048 filia
1573 999 1636 1046 il-

142 1086 147 1088 s
201 1065 424 1130 legitima
459 1061 677 1128 ejusdem
730 1068 880 1131 patris
934 1085 998 1116 ex
1051 1069 1226 1116 eodem
1262 1068 1498 1130 sanguine
1533 1067 1635 1115 nati

200 1143 331 1182 sunt.
370 1135 443 1179 20·
481 1134 609 1188 Quia
634 1135 805 1184 Innoc.
831 1136 931 1184 111.
958 1152 1066 1199 cap.
1091 1137 1193 1185 Per
1216 1143 1322 1185 tuas
1347 1136 1409 1182 de
1452 1135 1635 1183 Proba-

200 1201 432 1258 tionibus,
464 1202 540 1249 ‘sic
566 1202 801 1250 definivit.
840 1205 912 1250 30·
951 1203 1139 1253 Concil.
1169 1203 1503 1251 Lateranense
1528 1203 1636 1248 nul-

201 1271 298 1317 lam
324 1269 450 1316 inter
477 1271 971 1347 consanguinitatem,
1006 1270 1271 1333 legitimam
1314 1279 1401 1317 aut
1445 1268 1639 1331 illegiti0

200 1352 331 1384 mam
368 1336 732 1384 distinctionem
771 1337 1012 1414 apposuit,
1066 1353 1158 1385 nec
1207 1336 1481 1385 Concilium
1533 1335 1639 1382 Tri-

204 1404 458 1452 dentinum
498 1403 762 1469 quithuam
815 1406 863 1451 in
918 1406 1140 1485 Deci-eto
1190 1402 1517 1485 Lateranensi
1542 1403 1640 1450 im-

200 1471 440 1522 mutavit.
720 1507 723 1508 γ

238 1540 520 1588 Caeterum
548 1539 944 1602 consanguinitas
987 1540 1086 1588 sive
1112 1556 1174 1587 ex
1216 1538 1435 1603 legitimo
1476 1537 1640 1586 matri·

203 1607 369 1654 monio
394 1606 494 1654 sive
520 1622 584 1653 ex
624 1607 799 1669 injusta
842 1607 1187 1668 conjunctione
1223 1605 1494 1669 proveniat,
1540 1619 1637 1652 non

205 1673 388 1722 dirimit
412 1673 775 1722 matrimonium
813 1674 939 1721 inter
964 1690 1195 1738 personas
1222 1690 1420 1735 quarum
1449 1672 1541 1721 alia
1565 1682 1641 1720 est

198 1743 255 1788 »in
281 1740 501 1790 secundo
527 1751 609 1790 aut
635 1740 781 1789 tertio
808 1752 892 1788 aut
918 1752 1091 1804 quarto
1118 1740 1288 1803 gradu,
1333 1740 1427 1787 alia
1450 1756 1565 1787 vero
1590 1738 1638 1785 in

197 1808 380 1872 vquinto
422 1808 595 1872 gradu,
634 1818 688 1856 ut
730 1809 998 1856 declaravit
1041 1809 1196 1871 Greg.
1238 1809 1333 1855 IX.
1377 1823 1484 1870 cap.
1542 1808 1636 1856 Vir.

204 1877 290 1924 lib.
317 1879 399 1923 24.
426 1876 499 1924 tit.
529 1880 607 1924 14.
633 1875 695 1924 de
723 1876 972 1939 Consang.
1000 1885 1049 1924 et
1075 1875 1227 1923 Affin.

660 2010 892 2075 Cogitatio
926 2009 1199 2077 spiritualis.

282 2140 525 2208 Cognatio
563 2142 824 2209 spiritualis
862 2155 935 2192 est
972 2145 1174 2193 affinitas
1216 2145 1338 2193 Jure
1388 2143 1642 2192 ecclesias-

202 2213 310 2262 *tico
346 2213 567 2269 inducta,
606 2229 714 2275 quae
751 2213 904 2260 oritur
941 2230 1003 2260 ex
1044 2213 1294 2275 Baptismo
1333 2212 1430 2258 vel·
1455 2211 1641 2259 Confir-

211 2280 444 2339 matione,
482 2290 535 2327 ut
555 2282 654 2342 Jam
683 2280 867 2327 dictum
896 2290 984 2327 est.
1057 2281 1181 2328 Cum
1210 2279 1335 2326 enim
1363 2278 1410 2322 in
1453 2278 1644 2340 Baptis-

210 2359 344 2397 mate
379 2344 693 2411 spiritualiter
729 2363 1002 2403 nascamur,
1062 2346 1264 2407 haecque
1312 2344 1537 2391 nativitas
1595 2343 1643 2391 in

214 2415 600 2465 Confirmatione
646 2414 944 2478 perficiatur,
981 2413 1061 2475 qui
1100 2413 1160 2460 ad
1202 2413 1283 2459 illa
1330 2413 1646 2463 Sacramenta

214 2493 531 2540 concurrunt,
569 2491 621 2529 ut
663 2482 891 2529 Minister
939 2486 988 2529 et
1026 2486 1352 2543 susceptores,>
1402 2479 1644 2526 habentur

217 2562 271 2598 ut
314 2560 478 2627 patres
518 2549 809 2613 spirituales.
884 2548 1029 2597 Unde
1067 2557 1381 2610 susceptores
1417 2548 1647 2594 dicuntur

214 2619 434 2682 patrinus
472 2627 521 2665 et
558 2619 792 2672 matrina;
845 2616 957 2663 ideo
994 2615 1147 2663 visum
1202 2625 1274 2662 est
1313 2614 1557 2662 dedecere
1592 2624 1648 2661 ut

216 2683 451 2749 baptizati
491 2677 602 2731 cum
646 2684 702 2732 iis
757 2683 1111 2731 matrimonium
1162 2681 1359 2741 iniient,
1395 2698 1423 2729 a
1473 2681 1646 2762 quibus

215 2754 292 2801 vel
319 2750 552 2816 baptizati
578 2752 665 2799 vel·
680 2751 894 2813 suscepti
921 2759 1047 2798 sunt.
1559 2757 1574 2774 '³

291 2821 484 2877 Quaeres
529 2821 606 2864 10·
642 2835 761 2881 quas
802 2819 928 2865 inter
965 2833 1197 2881 personas
1243 2817 1470 2880 cognatio
1509 2813 1648 2879 spiri-

214 2888 361 2937 tualis
384 2885 741 2934 matrimonium
769 2885 958 2932 diiimat
985 2885 1007 2931 ?

288 2956 356 3037 R.
392 2955 510 3003 Jure
570 2953 770 3018 antiquo
822 2954 920 3001 late
983 2951 1341 3001 diffundebatur
1388 2948 1647 3013 spiritualis

996 3050 999 3052 ⁴
1414 3026 1642 3079 cognano
