1846 3250
650 182 746 230 DE
784 179 1074 230 ORDINE.
1485 178 1580 223 125

236 323 315 368 2²
342 321 558 382 Carpunt
578 333 687 365 eum
712 316 972 381 episcopale
995 312 1204 378 offic-ium
1228 313 1389 361 illicite
1414 314 1557 375 repeti

173 391 275 444 isse,
312 402 404 434 non
431 383 827 434 auteminvalide
852 385 1114 431 ordinasse.

241 459 321 502 30·
358 453 535 504 Clerici
559 455 619 502 ab
645 470 703 502 eo
741 451 1010 500 consecrati
1035 451 1082 497 in
1108 449 1229 498 actis
1255 447 1460 514 Concilii
1488 449 1580 497 Su·

172 523 455 571 essionensis
482 533 667 570 tantum
692 522 909 583 suspensi
946 520 1171 566 dicuntur
1190 556 1216 580 ‚k
1237 517 1319 581 qui
1344 533 1458 580 vero
1486 517 1579 565 Or-

172 592 331 639 dinem
358 608 454 638 non
478 591 642 647 habet,
680 591 739 637 ab
766 605 825 636 eo
850 604 944 636 non
970 586 1296 650 suspenditur.
1362 592 1364 594 ’

239 659 315 706 4⁰·
375 659 471 713 Qui
518 660 577 706 ab
622 659 827 705 Ebbone
873 656 1065 703 fuerant
1112 654 1335 709 ordinati,
1380 653 1578 701 tandem

172 726 295 775 citra
317 743 489 775 novam
516 726 883 775 ordinationem
909 724 1065 771 officio
1090 738 1178 770 suo
1215 722 1426 770 restituti
1466 731 1581 769 sunt

171 813 200 842 a
233 795 437 843 Nicolao
480 795 522 841 Ι.
581 793 836 858 Episcopis
877 791 1158 848 Gallicanis,
1194 791 1335 853 Rege
1384 789 1580 866 Carolo,

169 864 371 926 ipsoque
399 864 662 911 Hincmaro
680 860 1124 910 consentientibus:
1161 859 1292 935 quod
1314 857 1418 905 fieri
1446 858 1581 904 mini-

170 948 248 978 me
272 931 486 980 licuisset
509 932 548 979 si
572 931 775 979 fuissent
800 931 1081 978 charactere
1116 926 1273 975 vacui.

238 1000 314 1046 5⁰·
341 999 558 1047 Tandem
587 1000 751 1047 Ebbo
765 1007 874 1062 post
917 1013 1051 1045 suam
1094 993 1448 1059 depositionem
1474 991 1577 1040 sine

169 1082 293 1114 nova
319 1066 636 1115 ordinatione
665 1066 840 1115 Sedem
868 1064 1322 1113 Hildeshemensem
1364 1062 1414 1108 in
1459 1061 1582 1109 Sax-

173 1135 285 1182 onia
311 1151 463 1199 usque
488 1136 551 1183 ad
575 1146 779 1183 mortem
804 1132 1107 1198 gubernavit.
1175 1131 1290 1179 Non
1316 1130 1580 1206 putabatur

166 1203 314 1267 igitur
337 1220 425 1268 per
448 1204 823 1266 depositionem,
852 1200 1142 1251 characteris
1177 1201 1226 1247 in
1259 1196 1581 1248 Ordinatione

170 1271 384 1334 suscepti
393 1277 630 1333 jacturam
654 1272 847 1319 fecisse.

238 1338 449 1387 [nst-1⁰·
488 1341 566 1388 De
594 1340 795 1388 Clericis
820 1340 879 1386 ab
905 1338 1110 1386 Ebbone
1135 1335 1366 1385 ordinatis
1402 1333 1581 1382 dicitur

166 1408 214 1454 in
255 1408 376 1454 actis
416 1408 621 1455 Concilii
663 1406 1097 1455 ευεεείοηεηείεμ
1134 1405 1263 1467 quod
1304 1405 1580 1450 ministrare

169 1493 252 1523 nee
286 1475 543 1523 debuerunt
566 1493 647 1523 nec
661 1483 950 1539 potuerunt..
989 1476 1052 1520 2⁰·
1078 1473 1237 1527 Quod.
1262 1474 1354 1520 visi
1371 1471 1583 1535 fuerunt

169 1542 390 1591 ordinari
413 1545 462 1590 in
484 1546 668 1606 qradus
701 1543 1042 1590 ecclesiasticos.
1080 1546 1144 1589 3⁰·
1182 1541 1326 1594 Quod
1361 1539 1478 1587 nihil
1516 1540 1577 1585 ab

169 1611 364 1660 Ebbone
408 1620 682 1676 acceperant
723 1611 823 1675 Erg
806 1624 857 1658 o
881 1610 1140 1675 nequidem
1166 1610 1449 1657 charactere
1473 1606 1581 1654 fue-

169 1692 278 1728 rant
300 1680 472 1728 induti.

237 1749 302 1796 R.
337 1750 405 1809 ad
442 1752 483 1795 1.
523 1749 632 1796 disc.
678 1728 792 1796 Non
838 1755 1068 1811 poterunt
1114 1745 1382 1795 ministrare
1427 1743 1579 1801 licite,

169 1833 295 1864 conc.
329 1812 486 1865 valide
511 1833 614 1878 περ.

195 1887 300 1933 R.
334 1886 402 1931 ad
422 1886 469 1931 2.
496 1893 541 1932 et
564 1889 608 1933 3.
630 1885 738 1931 dist.
762 1883 866 1931 Visi
895 1883 1088 1930 fuerant
1111 1880 1338 1934 ordinari,
1357 1879 1473 1927 nihil
1500 1895 1580 1927 ac·

171 1922 420 2015 ceperunt,
448 1951 609 2016 quoad
633 1952 852 2016 gratiam,
887 1955 998 2012 jura
1038 1961 1086 1997 et
1121 1950 1390 2014 legitimum
1416 1959 1580 2013 potes-

171 2021 282 2067 tatis
308 2036 462 2076 usum,
498 2036 623 2067 conc,
649 2020 809 2082 quoad
835 2019 1183 2076 characterem,
1220 2034 1322 2080 neq.

239 2086 361 2137 Inst.
397 2089 461 2134 2⁰·
497 2088 552 2136 In
578 2088 748 2135 eodem
778 2087 966 2135 Concil.
1002 2097 1097 2135 act.
1129 2090 1175 2134 6.
1211 2094 1445 2134 statutum
1486 2083 1579 2131 fuit

174 2154 481 2215 Ηαᾷἰῑιξηαηι
504 2157 590 2218 qui
612 2155 672 2202 ab
694 2155 890 2202 Ebbone
919 2155 1172 2203 Diae-onus
1196 2157 1415 2218 primum
1452 2153 1579 2200 ordi-

168 2232 322 2279 natus,
333 2223 605 2286 Praesbyter
608 2232 773 2287 postea
791 2241 822 2270 a
835 2223 988 2288 Lupo
991 2222 1233 2302 Episcopo
1259 2221 1581 2271 catalaunen-

168 2293 210 2338 si
227 2293 326 2338 sine
338 2292 649 2370 proecedentis
680 2292 1013 2339 Ordinationis
1042 2293 1256 2339 eoeamine
1286 2298 1581 2337 consecratus

162 2359 344 2423 ficerat,
379 2368 431 2406 at
452 2362 537 2423 qui
560 2360 687 2408 saltu
709 2361 809 2407 sine
839 2362 1001 2421 yradu
1023 2360 1239 2407 Diacom'
1275 2360 1344 2405 ad
1365 2348 1580 2404 sacerdo-

171 2429 288 2474 tium
299 2427 589 2489 prosilierat,
600 2430 652 2475 in
669 2429 1051 2490 demandationem
1064 2427 1267 2475 debitam
1284 2426 1442 2473 debere
1463 2426 1558 2472 resi
1566 2450 1581 2461 -

173 2495 272 2542 lire.
343 2496 496 2560 Atqui
541 2497 580 2543 si
625 2496 799 2553 valide,
837 2507 1067 2558 quantum
1116 2492 1179 2543 ad
1226 2495 1578 2548 characterem,-

162 2563 393 2621 judicatae
433 2574 593 2612 essent
639 2563 855 2611 Ebbonis
904 2563 1261 2618 OrdinationeS,
1300 2562 1576 2610 Halduinus

175 2645 271 2676 non
309 2630 549 2679 diceretur
580 2648 608 2680 a
642 2632 866 2680 Patribus
911 2630 1335 2715 Suessionensibus
1376 2628 1463 2695 p’er
1486 2630 1579 2678 sal-

176 2708 277 2745 tum
303 2696 363 2745 ad
387 2700 782 2764 praesbyteratum
809 2711 1024 2748 evectus.
1509 2730 1512 2733 ·

243 2767 304 2813 R.
333 2780 379 2811 η.
402 2768 516 2835 ηιξη.
553 2768 781 2821 Quamvis
804 2769 930 2816 enim
956 2768 1123 2816 stricte
1146 2767 1390 2829 loquendo
1416 2776 1465 2815 et
1489 2781 1579 2813 usu

177 2833 328 2896 magis
353 2824 594 2881 communi
617 2835 656 2882 is
681 2824 872 2884 dicatur
896 2853 982 2899 per
1005 2831 1178 2884 saltum
1204 2835 1471 2889 ordinatus,
1497 2833 1579 2896 qui

175 2902 349 2948 omisso
376 2917 591 2964 prorsus
589 2901 813 2951 inferiori
838 2904 1025 2953 Ordine
1049 2905 1111 2953 ad
1144 2904 1442 2968 superiorem
1467 2917 1582 2948 eve-

171 2969 317 3029 hitur,
354 2968 393 3016 is
441 2979 602 3018 tamen
645 2967 716 3019 sic
763 2988 957 3036 quoque
1005 2982 1169 3038 potest
1215 2969 1447 3035 appellari
1495 2967 1578 3032 qui

1364 3079 1367 3082 .
1437 3049 1580 3086 antea
1650 3066 1655 3071 *
