1846 3250
586 135 683 187 DE
724 117 1221 186 MATmMon.
1506 139 1623 203 343,

156 282 319 321 tamen
344 273 551 329 incestu,
589 280 642 319 ut
669 271 848 333 puella,
885 270 976 318 nisi
1009 268 1366 319 matrimonium
1392 280 1588 319 contra·

153 341 313 398 hatur,
350 341 464 395 inde
488 340 550 388 sit
576 339 870 386 diffamanda
892 354 985 392 nec
1010 338 1157 386 alium
1202 338 1280 387 cui
1324 337 1477 386 nubat
1511 338 1585 386 in·

147 418 352 466 ventura
376 408 453 456 sit.
495 409 558 453 3⁰.
592 406 717 454 Cum
762 416 942 468 partes,
968 423 1013 451 v.
1058 422 1105 467 g.
1145 406 1582 457 rationeconsan-

150 474 398 536 guinitatis
457 472 815 522 matrimonium
873 472 1138 520 invalidum
1209 482 1584 528 contraxerunt,

145 558 239 588 nec
286 541 389 589 sine
432 540 664 589 scandalo
711 539 925 603 separari
959 550 1178 602 possunt.
1252 540 1302 586 S.
1343 539 1578 597 Pontifex

146 625 243 655 non
267 610 391 656 solet
416 608 505 656 nisi
531 617 731 672 propter
771 622 941 654 causas
981 605 1285 654 diffamantes
1328 606 1577 671 dispensa-

145 675 328 724 tionem
353 676 666 740 pauperibus,
703 685 786 722 aut
810 675 1045 736 informa
1081 690 1357 741 pauperum,
1394 688 1574 723 conce-

149 742 283 795 dere.

215 806 500 858 Notandum
535 819 610 857 est
650 812 713 857 1⁰.
746 808 796 855 in
832 806 1038 863 Dataria
1085 822 1285 856 romana
1320 807 1570 873 dispensa-

144 874 326 929 tionem
362 863 621 939 aliquando
665 875 874 925 concedi
933 876 1019 923 ob
1055 876 1455 939 eleemosynam,
1482 880 1604 926 seu'

141 944 435 1009 copiosiorem
455 956 759 1010 pecumarum
781 943 1166 1005 compositionem.
1232 943 1339 990 111ae
1376 943 1573 1007 dispen-

142 1011 354 1063 sationes
389 1012 620 1060 dicuntur
654 1011 755 1059 sine
788 1027 945 1059 causa.
1036 1010 1155 1065 Quae
1178 1010 1328 1058 verba
1350 1024 1448 1058 non
1472 1011 1571 1075 sig-

139 1076 338 1127 nificant
361 1076 596 1130 illassine
625 1078 725 1126 ulla
766 1077 953 1127 ratione
992 1077 1218 1136 concedi,
1253 1077 1343 1127 sed
1374 1088 1567 1127 tantum

139 1146 333 1193 nullam
346 1162 452 1196 esse
477 1146 582 1194 illas
625 1145 931 1194 concedendi
973 1160 1168 1194 causam
1211 1162 1276 1198 ex
1310 1144 1369 1193 iis
1405 1146 1567 1196 causis

141 1229 249 1276 quae
272 1211 432 1261 solent
455 1211 673 1277 allegari,
711 1230 913 1277 quaeque
953 1213 1049 1261 sint
1090 1212 1366 1262 intrinsecae
1388 1224 1440 1263 et
1466 1230 1569 1263 ma-

141 1280 367 1330 trimonio
391 1281 614 1358 propriae,
650 1282 868 1344 quamvis
914 1280 963 1328 S.
986 1279 1231 1329 Pontifex
1250 1281 1368 1330 alias
1393 1297 1566 1331 causas

139 1345 332 1408 habeat,
371 1359 425 1397 ut
449 1348 553 1412 ipse
579 1349 797 1409 declarat
823 1347 896 1395 his
919 1348 1094 1405 verbi&
1122 1365 1177 1396 ex
1209 1350 1347 1398 certis
1380 1350 1565 1399 ration-

139 1415 334 1464 abilibus
368 1417 519 1465 causis
576 1415 780 1464 animum
815 1424 1022 1465 nostrum
1071 1416 1366 1465 moventibus.
1460 1417 1564 1465 111ae

137 1493 296 1529 autem
334 1499 494 1531 causae
533 1484 582 1531 S·
624 1482 849 1530 Pontifici
892 1482 1119 1546 cognitae,
1155 1494 1269 1530 sunt
1314 1481 1563 1546 legitimus

137 1563 251 1597 usus
277 1551 467 1598 collatae·
491 1552 846 1614 ele-emosynaef
868 1564 978 1612 quae
1018 1549 1277 1598 adhibetur
1308 1549 1356 1596 in
1384 1549 1565 1610 utilita-

136 1627 233 1664 tem
260 1617 522 1681 publicam,
548 1634 593 1663 v.
621 1633 669 1679 g.
710 1618 759 1663 in
801 1616 1039 1664 dotandas
1078 1616 1266 1679 puellas
1302 1633 1562 1681 paupe—res,

134 1683 303 1747 inopes
325 1685 666 1740 sublevandos,
704 1683 977 1732 christianae
1005 1683 1275 1747 Religionis
1302 1685 1562 1734 Praecones

136 1751 265 1813 apud
290 1761 486 1800 exteras
512 1752 701 1799 Gentes
725 1750 1085 1801 sustentandos·

204 1818 484 1866 Notandum
523 1831 603 1866 est
634 1821 700 1868 2⁰·
752 1819 997 1866 interdum
1053 1817 1343 1880 contingere
1391 1819 1560 1881 plures

136 1901 241 1933 esse
268 1885 637 1950 dispensationis
663 1901 851 1940 causas,
887 1901 1087 1946 quarum
1129 1885 1560 1948 singulae-seorsim

132 1963 332 2015 sumptae
368 1969 465 2000 non
501 1953 796 2009 sufficerent,
832 1965 1038 2016 quaeque
1074 1961 1559 2017 tamen-aggregatae

136 2036 191 2066 ac
216 2018 357 2067 simul
381 2031 584 2082 sumptae
607 2019 867 2067 sufficiunt.

203 2087 394 2145 Quaeres
434 2091 500 2136 4⁰·
536 2087 712 2150 quibus
765 2089 826 2134 ab
885 2084 1246 2149 impedimentis
1302 2086 1555 2151 dispenset

139 2155 186 2202 S.
215 2153 457 2203 Pontifex.

200 2222 262 2268 R.
296 2222 450 2269 abiis
486 2220 707 2268 omnibus
742 2220 844 2268 sive
902 2218 1272 2283 prohibentibus
1306 2220 1409 2269 sive
1445 2221 1558 2269 diri·

130 2288 372 2335 mentibus
408 2304 516 2352 quae
551 2289 674 2336 Jure
733 2287 1070 2336 ecclesiastico
1122 2288 1389 2337 constituta
1423 2301 1553 2338 sunt.

131 2356 255 2405 Haec
281 2372 395 2402 vero
419 2373 523 2419 quae
550 2356 644 2402 sint
668 2365 804 2420 patet
829 2371 893 2404 ex
937 2355 992 2403 iis
1036 2371 1145 2418 quae
1170 2367 1315 2427 antea
1342 2356 1406 2404 de
1434 2372 1553 2404 uno-

133 2438 326 2484 quoque
351 2422 578 2478 diximus.
1608 2438 1611 2440 “

206 2489 401 2547 Quaeres
422 2492 490 2537 5⁰·
526 2505 587 2538 an
626 2487 832 2537 Romae
819 2504 868 2534 m
894 2488 1067 2537 eodem
1099 2488 1352 2537 Tribunali
1379 2506 1550 2542 omnes

131 2555 513 2618 dispensationes
538 2556 911 2604 concedantur?

197 2624 262 2671 R.
300 2624 467 2671 Romae
490 2623 672 2687 duplex
696 2623 930 2672 Tribunal
972 2638 1059 2686 pro
1099 2622 1430 2675 concedendis
1456 2625 1553 2674 dis-

128 2689 490 2751 pensationibus
525 2702 747 2739 erectum
807 2707 931 2747 esse,
980 2690 1211 2740 Βατανέα]
1267 2692 1456 2741 scilicet
1502 2704 1554 2742 et

127 2772 275 2808 sacra>
311 2758 702 2811 Poeni'tentiarioe.
790 2754 1193 2822 Dispensationes
1244 2760 1305 2807 ab
1351 2759 1556 2822 impedi-

128 2823 302 2871 mentis
336 2824 546 2887 publicis
581 2826 628 2872 in
667 2823 887 2883 Data‘ria,
944 2837 994 2874 et
1049 2826 1246 2889 quidem
1302 2843 1389 2890 per
1425 2827 1556 2876 solos

128 2890 394 2940 Banna-rios
418 2890 465 2938 in
492 2891 663 2942 Galliis
687 2892 1007 2940 sollicitantur
1033 2903 1084 2942 et
1117 2892 1433 2941 obtinentur:
1468 2909 1559 2957 pro

755 2960 802 3008 G
838 2976 871 3023 g
910 2964 939 3008 3
1200 2959 1564 3025 impedimentis
