1846 3250
530 145 626 197 DE
664 146 1163 198 MATRIMONIO.
1455 152 1556 201 287
1579 189 1591 204 .

135 281 341 342 quaestio
381 292 459 330 est
504 299 564 334 an
615 282 859 341 Ecclesia,
896 299 957 332 an
1007 282 1265 347 Principes
1303 282 1559 334 saeculares

133 347 480 411 impedimenta
536 350 899 410 matrimonium
976 352 1254 400 dirimentia
1309 350 1555 400 statuendi

135 424 428 479 potestatem
451 417 665 465 habeant
679 417 703 464 ἰ)

199 484 448 532 Lutherus
472 495 522 532 et
550 485 797 543 Calvinus,
835 501 948 534 cum
973 495 1157 550 negent
1192 485 1553 535 matrimonium

136 564 240 599 csse
285 552 674 608 Sacramentum,
710 553 1047 617 affirmentque
1087 553 1206 600 nihil
1248 555 1296 601 in
1339 570 1400 603 eo
1448 570 1555 602 esse

134 629 312 681 proeter
350 630 658 669 contractum
704 620 894 669 civilem
944 631 994 669 et
1039 622 1325 680 humanum,
1384 635 1556 669 conse-

129 697 337 749 quenter
356 688 594 745 definiunt
637 705 732 736 non
759 688 998 737 Ecclesiae
1033 689 1120 737 sed
1153 689 1302 737 solius
1339 700 1553 753 potesta-

133 752 194 799 tis
237 756 517 818 temporalis
559 772 666 804 esse
707 756 998 804 matrimonii
1030 756 1194 821 Leges
1235 758 1556 820 praescrib'ere

130 830 179 867 et
205 820 552 885 impedimenta
576 832 810 872 statuere.
1526 825 1529 828 ’

198 889 528 939 Novatoribus
564 892 768 939 adhaesit
805 892 1008 940 Marcus
1053 889 1302 939 Antonius
1339 891 1401 939 de
1443 889 1551 941 Do-

131 954 270 1004 minis
310 957 358 1003 in
387 957 553 1006 Tract.
590 959 652 1007 de
697 959 857 1023 Regia
895 958 944 1005 in
971 959 1340 1007 Matrimonium
1379 960 1553 1008 Potes'·

128 1032 245 1072 tate.
317 1024 454 1072 Favit
490 1026 689 1074 nimium
716 1026 966 1074 Launoius
1000 1025 1283 1089 Theologus
1311 1027 1554 1077 Parisien-

129 1089 191 1137 sis
217 1090 299 1153 qui
327 1093 581 1152 contendit
605 1103 901 1157 potestatem
928 1094 1173 1142 statuendi
1199 1094 1551 1158 impedimenta

123 1157 483 1206 matrimonium
510 1161 786 1209 dirimentia
809 1162 972 1210 nativo
1014 1178 1073 1210 ac
1110 1163 1308 1227 proprio
1342 1168 1453 1225 jure
1488 1163 1551 1210 ad

127 1224 258 1272 solos
301 1227 552 1292 Principes
594 1229 856 1293 pertinere,
895 1246 988 1278 nec
1035 1247 1178 1294 posse
1219 1232 1280 1278 ab
1326 1230 1552 1279 Ecclesia

125 1291 216 1339 nisi
259 1292 565 1357 indulgentia
602 1297 680 1344 vel
728 1298 1046 1346 concessione
1089 1297 1373 1361 Principum
1407 1314 1552 1352 exer-

127 1360 243 1407 ceri.
315 1362 467 1410 Hunc
491 1364 714 1426 proxime
756 1364 978 1429 sequitur
1001 1364 1049 1412 in
1075 1366 1351 1414 recentiore
1378 1364 1547 1429 Opere

123 1427 416 1477 Leridanus.
487 1432 528 1477 Ii
571 1447 740 1480 omnes
788 1432 1031 1481 totam‘in
1073 1433 1379 1481 matrimonia
1413 1433 1552 1481 Prin-

122 1493 262 1542 cibus
287 1497 632 1547 auctoritatem
656 1510 895 1560 asserunt,
931 1501 1113 1549 nullam
1151 1517 1268 1549 vero
1309 1498 1552 1550 Ecclesiae

121 1561 420 1627 relinquunt.
880 1570 885 1573 ’

189 1629 290 1678 Sed
314 1632 393 1679 alii
435 1648 638 1682 numero
673 1633 951 1697 paucissimi
979 1632 1263 1698 Principum
1297 1639 1411 1697 jura·
1435 1650 1543 1685 arc-

117 1697 323 1745 tioribus
347 1699 578 1749 limitibus
602 1701 919 1767 restringunt,
946 1712 994 1750 et
1021 1703 1321 1762 existimant,
1358 1718 1420 1752 ex
1449 1719 1549 1767 quo

118 1764 479 1814 matrimonium
519 1769 582 1816 ad
632 1769 936 1818 Sacramenti
978 1770 1269 1834 dignitatem
1318 1780 1548 1819 evectum

118 1840 209 1889 est,
247 1847 341 1880 non
384 1836 591 1898 amplius
629 1851 781 1900 penes
823 1853 908 1886 eos
924 1863 932 1869 -
951 1853 1058 1886 esse
1082 1848 1137 1887 ut
1161 1837 1228 1884 illi
1255 1838 1439 1901 possint
1460 1853 1547 1903 ap-

116 1914 300 1962 ponere
325 1901 694 1964 impedimenta.

588 2041 1015 2092 PROPOSITIO
1057 2045 1101 2092 Ι.

118 2178 331 2234 Ecclesia
369 2183 493 2246 jure
547 2180 708 2230 divino
758 2183 912 2248 potest
956 2189 1160 2232 statuere
1217 2184 1545 2250 impedimenta

182 2247 546 2296 Matrimonium
593 2249 880 2310 dirimeutia,
932 2251 1151 2299 nimirum
1217 2253 1266 2300 in
1326 2253 1386 2301 iis
1433 2271 1540 2319 quse

181 2312 449 2379 spiritualia
485 2324 609 2365 sunt.

181 2448 326 2496 Prob.
358 2452 434 2496 10·
473 2449 697 2499 Ecclesia
742 2461 906 2515 potest
955 2467 1193 2501 exercere
1241 2463 1538 2517 potestatem

114 2528 256 2576 quam
300 2529 633 2566 exercuerunt
661 2521 888 2582 Apostoli
927 2531 981 2567 ut
1025 2520 1260 2569 Ecclesiae
1289 2521 1534 2570 Ministri:

112 2582 247 2643 atqui
276 2582 499 2646 Apostoli
544 2597 596 2633 ut
623 2587 862 2634 Ecclesiae
888 2588 1102 2635 Minis-tri
1144 2597 1419 2637 statuerunt
1444 2590 1533 2636 im·

114 2648 395 2711 pedimenta
419 2652 774 2702 matrimonium
811 2654 1104 2703 dirimentia.
1177 2655 1303 2703 Nam
1333 2658 1381 2706 S.
1410 2658 1538 2705 Pa'u-

113 2717 189 2762 lus
235 2719 278 2763 l.
313 2719 425 2766 Cor.
448 2720 497 2768 7.
531 2736 576 2767 v.
606 2725 681 2770 15.
714 2720 904 2770 inducit
950 2721 1352 2786 impedimentum
1403 2725 1536 2787 quod

113 2793 316 2830 vocatur
341 2785 502 2833 cultus
528 2787 812 2853 disparitas;
848 2789 912 2837 ibi
957 2790 1082 2837 enim
1127 2791 1362 2856 permittit
1390 2791 1539 2838 uxori

111 2850 243 2897 fideli
270 2851 524 2901 discedere
566 2871 597 2903 a
635 2856 808 2904 marito
849 2855 1051 2914 infideli,
1088 2874 1198 2905 cum
1240 2873 1419 2921 nempe
1461 2858 1533 2903 vir

107 2917 190 2965 ille
233 2917 440 2967 infidelis
482 2936 579 2969 non
621 2923 723 2971 vult
770 2924 978 2988 pacifice
1014 2926 1199 2990 absque
1236 2924 1541 2972 contumelia·

1286 2991 1532 3040 Creatoris
