1846 3250
643 198 740 259 DE
778 196 1053 246 ORDINE
1510 197 1577 249 67

151 338 428 389 Concilium
449 333 789 384 Tridentinum
816 349 934 381 sess.
954 334 1036 382 23.
1065 348 1173 397 cap.
1202 336 1246 380 3.
1275 332 1337 381 de
1359 331 1578 391 Reform.

152 410 322 471 Atque
345 405 406 452 ad
430 405 480 451 id
505 414 732 453 tenentur
764 418 858 449 non
885 411 1075 449 tanturn
1106 418 1169 449 ex
1197 401 1450 459 charitate,
1486 404 1575 451 sed

147 474 442 552 exjustitia,
480 473 604 521 adeo
652 481 706 519 ut
737 470 832 518 sint
868 470 1161 517 restitutioni
1198 468 1397 518 obnoxii
1435 470 1579 535 Epis„

148 543 257 607 copi
284 543 366 607 qui
389 541 491 588 sine
516 540 742 605 gravibus
768 540 1024 587 momentis
1051 553 1198 587 causa
1232 550 1345 586 sunt
1368 540 1573 603 pecuni-

145 627 280 659 arum
305 628 333 658 a
357 609 454 657 suis
478 607 717 656 subditis
706 623 1051 670 lmpensaium

214 679 288 726 20·
326 678 442 725 Ab
430 677 544 741 ipsis
568 675 804 742 probandi
829 691 887 723 ac
921 673 1227 723 examinandi
1264 683 1376 722 sunt
1401 673 1433 720 ii
1460 675 1565 740 qui..

144 748 235 795 bus
260 745 471 794 Litteras
496 744 786 792 dimissorias
820 743 1051 791 laudabili
1095 744 1157 791 de
1184 758 1331 790 causa
1355 743 1571 806 largiun-

147 826 241 871 tur,
268 831 427 878 neque
451 814 501 861 id
520 814 678 863 oneris
696 811 745 858 in
767 812 979 861 alienum
1001 811 1300 876 Episcopum
1326 811 1387 858 ab
1409 811 1464 858 iis
1490 823 1566 860 est

146 881 478 944 reficiendum.

214 955 291 998 3⁰·
316 950 442 1004 Quia
461 966 587 1013 saepe
610 948 852 1012 facileque
872 946 1033 996 evenit
1059 957 1112 995 ut
1137 963 1295 995 mores
1315 946 1567 995 hominum

146 1029 412 1076 mutentur,
448 1018 808 1079 Ordinibusque
846 1016 913 1063 illi
935 1017 1074 1064 <fiant
1106 1016 1291 1078 indi-gni
1317 1015 1396 1077 qui
1422 1027 1568 1064 antea

145 1086 278 1149 digni
305 1085 562 1135 existimati
589 1086 800 1140 fuerunt,
841 1084 1070 1149 Episcopi
1097 1095 1289 1148 ternpus
1313 1084 1571 1148 praefigere

145 1155 327 1202 debent
353 1171 448 1218 quo
473 1153 688 1202 valiturae
711 1155 809 1201 sint
825 1153 918 1200 illae
944 1153 1168 1209 Litterae,
1187 1171 1233 1199 v.
1250 1170 1297 1216 g.
1323 1169 1409 1200 sex
1432 1169 1568 1200 men-

144 1222 265 1269 sium
291 1224 368 1270 vel
395 1223 533 1271 unius
557 1223 685 1280 anni,
721 1230 866 1286 prout
892 1232 1056 1269 monet
1083 1222 1255 1270 Clerus
1281 1220 1566 1267 Gallicanus

145 1290 194 1336 in
230 1291 457 1340 Conciliis
484 1296 582 1352 jam
625 1307 753 1354 saepe
795 1290 1037 1337 laudatis:
1087 1290 1261 1353 quibus
1303 1289 1364 1336 de
1408 1289 1573 1336 causis

146 1375 276 1422 saepe
302 1359 540 1421 contingit
567 1369 619 1405 ut
645 1357 876 1422 Episcopi
902 1358 1190 1404 vetustiores
1217 1357 1429 1404 Litteras
1456 1357 1571 1418 reji-

146 1427 293 1483 ciant,
333 1426 518 1474 etiamsi
542 1426 727 1472 nullum
752 1437 943 1488 tempus
968 1425 1215 1488 praefixum
1241 1425 1475 1472 habeant*

213 1496 409 1571 ’choeres
440 1494 545 1544 170·
571 1510 675 1555 quae
700 1510 857 1556 poenae
881 1502 1078 1540 statutae
1101 1493 1196 1539 sint
1220 1493 1451 1540 adversus
1479 1508 1569 1539 eos*

145 1562 224 1624 qui
266 1561 434 1609 alienis
477 1562 687 1610 Ordines
728 1561 988 1608 conferunt
1029 1561 1130 1608 sine
1156 1559 1356 1607 Litteris
1400 1560 1563 1607 dimiss-

144 1629 282 1677 soriis
318 1629 498 1693 proprii
535 1629 785 1694 Episcopi,
821 1629 898 1676 vel
923 1638 1094 1676 contra
1118 1645 1202 1676 eos
1233 1627 1321 1692 qui
1339 1627 1409 1677 sic
1434 1628 1563 1676 ordi-

146 1708 334 1745 nantur.
1082 1721 1084 1724 ’

213 1766 280 1812 R.
316 1765 587 1814 Concilium
631 1734 968 1813 Tridentinum
1011 1774 1225 1813 statuere
1262 1781 1369 1827 cap.
1409 1767 1455 1815 2
1498 1764 1567 1813 de

149 1834 417 1882 Reformat.
454 1844 507 1881 ut
532 1843 700 1882 contra
720 1834 913 1897 famens
952 1833 1012 1880 ab
1052 1835 1268 1880 exercitio
1293 1832 1564 1895 Pontvfiea-

146 1903 265 1948 Ilum
290 1920 383 1965 per
405 1919 602 1958 annum,
628 1903 785 1948 taliter
807 1918 915 1948 vero
940 1908 1189 1964 promotus
1213 1901 1272 1949 ab
1295 1903 1560 1947 eas-acutione

155 1970 394 2017 Ordinum
428 1972 497 2016 sic
518 1978 849 2031 wseeptormm
886 1970 1029 2015 donec
1052 1986 1137 2015 suo
1161 1968 1380 2015 Praelato
1404 1969 1560 2015 visum

130 2038 301 2099 faerit,
337 2039 440 2099 ipso
463 2037 582 2099 jure
621 2039 719 2083 sint
749 2038 980 2100 suspensi.
1049 2037 1145 2090 Qui
1180 2052 1312 2092 vero,
1351 2036 1568 2091 durante

146 2105 227 2151 illa
250 2105 583 2166 suspensione,
609 2120 725 2152 suos
752 2103 961 2152 Ordines
986 2120 1221 2153 exercere
1247 2115 1570 2168 praesumunt,

145 2171 336 2220 nemine
361 2172 643 2230 dubitante,-
667 2172 1079 2235 irregularitatem
1096 2173 1366 2220 incurrunt.

214 2239 423 2289 Easdem
462 2256 630 2304 poenas
669 2240 923 2288 incurrunt
963 2241 1045 2305 qui
1068 2240 1334 2289 falsificatis
1360 2239 1571 2289 Litteris-

144 2306 421 2357 dimissoriis
448 2308 656 2357 Ordines
681 2320 1005 2372 susceperunt.
1028 2325 1086 2357 ac
1111 2319 1283 2373 postea
1307 2325 1391 2357 eos
1418 2324 1560 2357 exer-

145 2385 370 2435 cuerunt,
405 2377 473 2439 uti
499 2376 744 2440 colligitur
769 2393 832 2424 ex
858 2393 965 2441 cap.
988 2376 1092 2425 Eos
1114 2379 1216 2442 qui,
1253 2377 1314 2425 de
1340 2387 1561 2439 tempore

147 2443 372 2492 ordinat.
439 2445 586 2493 Ratio
612 2455 686 2493 est
715 2448 795 2491 10*
815 2444 929 2508 quia
952 2445 1131 2493 nemini
1156 2444 1286 2505 fraus
1309 2445 1557 2508 patrocin-

144 2511 211 2558 ari
238 2512 402 2560 debet.
441 2513 517 2559 2⁰·
555 2513 681 2566 Quia
703 2512 737 2558 ii
770 2512 832 2560 de
858 2509 1034 2576 quibus
1056 2513 1232 2576 agitur,
1268 2513 1428 2576 reipsa
1452 2513 1562 2575 Lit-

144 2586 278 2626 teras.
294 2579 583 2629 dimissorias
606 2581 769 2630 nullas
786 2581 986 2637 habent,
1021 2597 1117 2629 nec
1143 2581 1293 2630 ullum
1314 2580 1565 2634 Ordinariiz

146 2661 453 2694 consensum.

212 2712 498 2762 Notandum
528 2725 688 2763 tamen
713 2732 883 2793 poenas
905 2716 1019 2765 istas
1056 2733 1153 2764 non
1177 2714 1426 2767 incurrere
1461 2733 1557 2765 nec

145 2767 418 2845 Episcopus
459 2783 543 2846 qui
581 2783 673 2831 sibi
709 2784 904 2833 minime
945 2785 1172 2833 subditos
1206 2785 1271 2833 ad
1308 2794 1558 2833 tonsuram

143 2860 505 2912 promoverunt,
540 2867 633 2900 nec
659 2868 741 2900 eos
767 2853 854 2916 qui
874 2854 935 2919 ab
958 2853 1220 2917 Episcopis
1256 2852 1424 2901 alienis
1449 2863 1563 2899 ton-
1626 2854 1633 2861 ’

143 2933 306 2964 suram
339 2927 664 2981 acceperunt3
700 2921 830 2984 quia
864 2922 1015 2971 verba
1040 2920 1246 2971 Concilii
1281 2918 1562 2970 Tridentini

140 2984 209 3040 ad
222 2985 356 3034 solos
381 2984 591 3035 Ordines
627 2989 970 3056 restringenda
1003 2999 1132 3055 sunt,
1167 2999 1367 3038 tonsura
1390 2995 1557 3035 autem

816 3056 863 3102 G
902 3059 935 3103 3
1457 3071 1561 3102 non
