1846 3250
553 135 650 183 DE
687 132 1191 183 MATRIMONIO‘
1510 128 1604 180 281

255 268 448 323 Quaeres
473 269 537 314 2⁰·
574 285 635 316 an
659 267 812 332 possit
856 268 1130 332 Episcopus
1169 265 1315 314 etiam
1346 264 1405 312 in
1432 263 1607 313 Galliae

179 347 331 397 regno
357 336 500 383 trium
525 336 793 383 bannorum
821 335 1234 399 dispensationem
1259 332 1571 382 concedere?

250 403 311 449 R.
353 405 415 449 1⁰·
451 402 512 450 de
540 407 653 464 jure
689 403 935 451 communi
992 402 1043 450 id
1100 417 1244 466 posse
1306 395 1608 464 Episcopum

178 478 378 531 propter
403 470 767 533 urgentissimas
793 486 980 528 causas,
1023 479 1077 517 ut
1103 479 1295 518 constat
1326 484 1390 516 ex
1418 467 1610 517 Concil.

186 533 319 582 Trid.
342 552 459 584 sess.
485 538 566 585 24.
595 554 639 586 c.
670 541 712 584 1.

246 603 313 647 2⁰·
353 603 571 652 Dubium
614 603 965 667 aliquantulum
1015 613 1089 651 est
1132 612 1294 651 utrum
1350 602 1398 649 in
1447 600 1612 650 Gallia

170 672 250 729 ‚ius
286 669 407 718 illud
446 672 678 736 Episcopi
714 671 900 736 possint
952 685 1206 726 exercere,
1261 669 1377 734 quia.
1426 665 1609 725 Edicto

181 737 400 785 Blesensi
427 734 624 787 cautum
667 750 739 787 est
781 755 842 786 ne
879 740 1148 787 bannorum
1186 735 1482 800 dispensatio
1519 735 1610 784 nisi

179 814 287 865 post
311 805 490 853 factam
530 808 701 855 saltem
746 823 891 854 unam
930 803 1349 853 denuntiationem
1391 803 1611 852 obtinea-

178 882 272 918 tur.
345 873 670 922 Nihilominus
697 874 881 936 ubique.
912 882 1169 936 receptum
1195 880 1268 918 est
1294 887 1438 934 posse
1467 871 1612 935 Epis-

179 953 357 1002 copum
392 941 618 1002 gravibus
667 941 729 988 de
785 940 943 988 causis
996 939 1143 988 trium
1194 939 1466 985 bannorum
1515 937 1613 985 dis-

177 1006 510 1066 pensationem
548 1008 842 1062 concedere,
902 1016 955 1054 ut
1003 1007 1177 1071 probat
1224 1001 1419 1053 Fevreti
1459 1004 1613 1053 Scho-

176 1072 340 1121 liastes
366 1083 467 1121 tum
495 1091 560 1121 ex
600 1074 761 1122 multis
807 1075 1016 1122 Senatus
1061 1071 1346 1121 Parisiensis
1375 1069 1611 1130 Arrestis,

176 1149 279 1186 tum
305 1157 369 1188 ex
410 1141 777 1206 agendiratione
820 1141 1140 1206 plurimorum
1184 1140 1359 1189 Galliae
1402 1138 1611 1203 Episco-

178 1223 369 1270 porum.

246 1276 328 1321 ΒΩ·
364 1274 673 1340 Excipienda
697 1286 811 1325 sunt
852 1274 1156 1325 matrimonia
1191 1272 1611 1323 filiorumfamilias

177 1339 347 1405 viginti
396 1342 610 1407 quinque
652 1344 789 1392 annis
847 1343 1106 1402 minorum,
1142 1342 1227 1406 qui
1265 1358 1365 1391 non
1405 1351 1615 1406 possunt

176 1423 207 1456 a
241 1410 365 1458 trina
399 1412 668 1459 bannorum
706 1409 1115 1476 promulgatione,
1175 1408 1266 1457 nisi
1317 1407 1613 1473 requirenti-

175 1477 267 1524 bus
305 1478 586 1540 parentibus
610 1488 696 1526 aut
738 1476 996 1534 tutoribus,
1032 1477 1082 1524 in
1122 1476 1287 1529 Gallia
1324 1475 1610 1540 dispensari,

178 1559 242 1592 ex
269 1544 448 1593 Edicto
475 1545 695 1595 Blesensi
721 1545 801 1595 cui
835 1544 1052 1594 coucinit
1089 1544 1298 1593 Senatus
1324 1542 1610 1592 Parisiensis

169 1610 569 1676 jurisprudentia.
1462 1611 1464 1613 ’

165 1681 168 1685 ’
245 1683 311 1726 4⁰·
370 1681 428 1728 In
488 1680 776 1743 quibusdam
838 1678 1164 1738 Dioecesibus,
1225 1687 1281 1727 ut
1334 1675 1609 1741 Burdigali‚

103 1745 106 1748 ⁴
177 1744 384 1795 statutis
420 1747 625 1796 vetitum
660 1758 737 1796 est
795 1764 857 1795 ne
912 1763 1125 1810 unquam
1174 1744 1302 1794 trina
1337 1745 1611 1794 bannorum

175 1812 472 1877 dispensatio
508 1816 827 1863 concedatur.
1397 1813 1403 1818 ’

252 1882 445 1937 Quaeres
470 1885 552 1930 30·
591 1898 653 1930 an
676 1884 948 1931 bannorum
991 1878 1378 1946 dispensationes
1415 1878 1612 1945 scriptis

168 1948 456 2012 ¹consignari
482 1949 694 1997 debeant
717 1949 741 1996 Ρ

241 2016 305 2062 R.
341 2016 390 2062 in
428 2016 602 2064 Galliae
638 2033 791 2081 regno
828 2032 891 2065 ex
948 2014 1309 2066 Constitutione
1362 2013 1611 2063 Ludovici

176 2080 320 2129 XIV.
356 2098 434 2131 an.
476 2086 620 2133 1691.
656 2094 706 2133 et
742 2084 1063 2142 matrimonia,
1101 2093 1151 2131 et
1186 2084 1456 2131 bannorum
1497 2099 1613 2147 pro·-

171 2149 514 2213 mulgationeS,
553 2161 603 2199 et
642 2168 811 2200 eorum
845 2151 1231 2215 dispensationes
1255 2149 1418 2214 sigillo
1448 2149 1613 2198 Curiae

177 2216 465 2280 episcopalis
490 2218 797 2283 subsignatas
833 2219 881 2266 in
926 2218 1102 2267 tabulis
1137 2233 1166 2266 a
1191 2216 1416 2266 Parocho
1440 2217 1615 2266 referri

174 2283 389 2333 debere:
428 2285 695 2336 Declarons
719 2285 824 2352 qu’a
866 2286 1084 2343 l'avenir,
1121 2286 1185 2334 du
1202 2289 1327 2351 jour
1349 2284 1478 2334 dela
1496 2285 1615 2351 pub-

172 2349 362 2400 lication
388 2353 466 2401 des
490 2363 750 2416 presentes,
792 2353 857 2402 les
881 2355 1119 2419 dispenses
1143 2354 1225 2401 des
1252 2354 1365 2401 bans
1389 2353 1446 2400 (le
1469 2353 1616 2400 mari·

173 2435 260 2482 age
283 2427 327 2467 et
350 2418 414 2468 les
436 2419 742 2485 publications
762 2422 839 2469 des
868 2416 1000 2476 bans,
1038 2439 1097 2469 ou
1144 2419 1211 2467 les
1247 2421 1485 2485 dispenses
1530 2420 1613 2484 qui

171 2502 227 2532 en
253 2487 468 2534 auroient
493 2495 563 2535 ete
586 2490 842 2545 accordees‚
879 2487 1103 2536 ensemble
1140 2486 1467 2535 l’insinuation
1508 2488 1610 2536 des-

170 2552 291 2600 dites
315 2553 551 2615 dispenses
573 2555 724 2604 soient
765 2571 986 2604 enoncees
1023 2555 1144 2602 dans
1186 2553 1250 2604 les
1274 2562 1395 2603 actes
1420 2556 1478 2603 de
1498 2553 1614 2603 cele-

174 2618 359 2667 bration
386 2620 443 2668 de
483 2623 707 2686 mariage,
744 2621 977 2687 lorsqu’z'ls
1012 2629 1172 2671 seront
1210 2622 1490 2686 enregistres
1518 2639 1616 2687 par

171 2684 240 2732 les
286 2684 437 2734 Cures
471 2705 529 2736 ou
576 2690 794 2738 Vicaz‘res.
885 2691 1018 2737 Leur
1069 2690 1323 2753 defhndons
1358 2690 1415 2736 de
1451 2697 1616 2738 mettre

169 2750 336 2800 lesdits
360 2762 483 2803 actes
507 2756 564 2803 de
585 2753 862 2805 celebration
886 2773 969 2805 sur
991 2755 1056 2804 les
1080 2756 1320 2822 registres,
1357 2756 1398 2805 si
1428 2755 1615 2804 lesdites

167 2820 412 2882 dispenses
447 2838 504 2869 ne
538 2830 642 2870 sont
676 2822 922 2882 insinueeS,
948 2831 993 2871 et
1029 2840 1138 2872 sans
1168 2842 1204 2888 y
1218 2823 1363 2889 faire
1405 2822 1610 2876 mention

166 2886 373 2936 cle-§dites
421 2888 655 2953 dispenses
694 2891 895 2941 desdites
922 2889 1238 2955 publications
1274 2892 1331 2940 de
1367 2889 1496 2941 bans,
1534 2905 1613 3002 er}-

1449 2955 1610 3004 sembe
