1852 3250
635 171 730 221 DE
770 171 1067 220 ORDINE
1397 220 1399 222 ,
1491 173 1555 221 27

144 309 226 374 qui
252 309 527 374 paschalem
547 323 734 356 coenam
760 286 1094 356 eucharisticae
1114 323 1267 354 coenae
1286 307 1558 369 conjunxit.

146 380 205 426 Id
251 389 385 442 patet
432 393 494 425 ex
539 380 582 424 l.
612 377 724 424 Cor.
762 380 838 423 ll.
875 386 922 423 et
959 376 1062 423 aliis
1111 375 1374 441 Scripturae
1419 375 1557 423 locis.

148 448 298 494 Porro
347 446 561 509 utrisque
610 445 702 492 illis
748 444 924 491 mensis
971 444 1177 491 Diaconi
1224 443 1556 507 presidebant.

146 515 347 562 Sacrum
373 514 518 576 igitur
560 525 665 561 erat
705 528 871 560 eorum
908 511 1242 559 ministerium.
1304 513 1560 560 ‘Praeterea

143 583 180 628 si
207 584 267 629 ad
293 581 607 629 ministerium
634 598 766 628 mere
814 580 1067 644 profanum
1094 580 1126 626 ii
1149 579 1355 628 fuissent
1381 581 1557 628 consti-

145 651 254 706 tuti,
294 661 364 698 tot
407 650 545 697 dotes
583 650 631 696 in
670 649 832 712 primis
858 648 1090 696 Diaconis
1127 664 1223 695 non
1254 648 1459 697 fuissent
1483 666 1559 697 re-

145 718 361 782 quisitae;
399 735 491 766 nec
516 718 706 765 enimin
726 716 962 765 Ministris
984 716 1063 781 qui
1106 716 1306 780 prandia
1333 733 1558 765 coenasve

145 798 388 850 pararent,
425 786 750 836 necessarium
772 784 946 833 fuisset
971 796 1021 832 ut
1050 795 1212 832 essent
1237 785 1350 837 boni
1375 802 1434 833 ac
1458 788 1561 833 veri

146 855 412 911 testimonii,
450 871 541 902 uec
579 853 708 920 pleni
759 854 941 919 Spiritu
993 851 1162 901 Sancto
1209 861 1252 901 et
1304 854 1561 918 Sapientia.

151 924 261 971 Nec
281 923 475 986 insuper
501 924 545 969 in
572 923 627 970 iis
652 921 959 969 instituendis
984 922 1199 985 usurpati
1236 933 1398 969 essent
1423 921 1560 979 rituS,

151 1002 203 1040 ut
228 990 482 1038 incaeteris
503 988 950 1053 inaugurationibus
976 989 1228 1052 religiosis,
1256 989 1409 1038 oratio
1433 990 1563 1038 scili-

149 1069 230 1107 cet
273 1074 382 1105 cum
423 1075 650 1107 manuum
691 1058 1015 1122 impositione.
1085 1058 1304 1105 Tandem
1354 1058 1566 1106 Diaconi

149 1144 214 1175 ex
265 1126 473 1175 Actibus
524 1126 870 1191 Apostolorum
915 1125 1225 1189 baptizarunt
1267 1136 1316 1174 et
1364 1127 1565 1174 verbum

151 1195 250 1243 Dei
288 1195 663 1243 annuntiarunt:
700 1211 806 1258 quae
844 1193 1067 1258 profecto
1100 1210 1300 1242 munera
1323 1210 1421 1241 non
1456 1212 1568 1259 pos-

152 1274 264 1311 sunt
302 1263 426 1310 inter
464 1264 666 1327 profana
704 1263 963 1310 recenseri.
1034 1263 1245 1311 Demum
1282 1262 1413 1310 idem
1450 1279 1567 1312 con-

152 1343 247 1379 stat
274 1348 334 1378 ex
364 1348 422 1378 eo
448 1332 576 1395 quod
604 1331 715 1379 olim
745 1331 949 1378 Diaconi
992 1342 1344 1378 consueverant
1379 1347 1566 1380 sacram

159 1399 511 1446 Eucharistiam
535 1399 842 1454 (distribuere
893 1398 1154 1454 Fidelibus,
1194 1409 1247 1445 ut
1294 1398 1472 1462 legitur
1519 1401 1570 1447 in

160 1467 300 1515 Actis
328 1467 375 1514 S.
395 1467 662 1521 Laurentii,
701 1477 750 1513 et
785 1466 912 1529 apud
958 1469 1007 1513 S.
1035 1466 1331 1531 Cyprianum
1356 1482 1496 1516 serm.
1525 1472 1570 1518 5.

154 1536 217 1582 de
245 1534 433 1598 Lapsis,
468 1534 712 1583 Justinum
739 1535 865 1597 apol.
890 1536 937 1579 2.
975 1538 1066 1582 διο.

228 1603 335 1650 Nec
356 1602 488 1650 dicas
513 1601 765 1667 probabile
793 1617 887 1649 non
917 1617 1022 1649 esse
1048 1617 1209 1649 sacras
1239 1600 1571 1652 Diaconorum

157 1670 449 1728 functiones,
486 1671 522 1717 si
549 1670 579 1716 ii
606 1670 667 1717 ad
692 1670 795 1718 illas
821 1670 1123 1717 exe‘rcendas
1149 1669 1299 1718 creati
1326 1683 1504 1730 essent,
1544 1689 1574 1721 a
1624 1675 1629 1681 '

161 1739 421 1803 Scripturis
456 1738 653 1786 omissas
690 1753 796 1785 esse
832 1738 1236 1800 secundariasque
1274 1749 1462 1787 tantum
1488 1741 1576 1787 mi-

160 1823 309 1856 nusve
347 1808 531 1855 nobiles
565 1807 711 1854 fuisse
753 1806 1037 1869 descriptas.
1107 1806 1338 1860 Quamvis
1373 1808 1575 1856 enimin

156 1876 270 1923 loco
317 1877 512 1937 obJecto
549 1890 644 1922 non
681 1874 1017 1922 describantur
1056 1890 1193 1922 sacra
1241 1875 1575 1924 Diaconorum

163 1960 378 1998 munera,
431 1942 542 1991 alibi
602 1954 762 1990 tamen
815 1941 1110 1998 referuntur,
1146 1956 1321 2007 nempe
1380 1954 1475 1992 act.
1529 1948 1576 1992 8.

165 2012 416 2074 Philippus
452 2011 743 2058 Eunuchum
794 2009 1025 2073 baptizat,
1061 2009 1227 2073 illique
1252 2036 1254 2040 x
1277 2011 1451 2059 Isaiam
1488 2029 1578 2061 ex-

164 2079 328 2142 plicat,
365 2082 453 2126 &c-

234 2149 353 2195 Inst.
379 2148 628 2209 Clirysost.
677 2144 1078 2207 Tlieophilactus,
1108 2146 1448 2205 OEcumenius‚
1488 2149 1579 2214 Sy-

167 2215 321 2262 nodus
347 2216 660 2268 Quini-sexta
683 2230 769 2261 seu
795 2214 1027 2262 Trullana
1061 2231 1139 2262 an.
1164 2218 1279 2262 60⁶2.
1314 2217 1580 2265 versiculos

166 2282 393 2347 praefatos
418 2293 513 2330 act.
537 2285 583 2328 6.
603 2298 697 2329 non
718 2279 933 2329 referunt
954 2283 1013 2329 ad
1034 2282 1350 2330 ministerium
1371 2299 1578 2342 sacrum,

170 2352 256 2398 sed
283 2361 467 2398 tantum
495 2350 557 2398 ad
581 2350 914 2414 eleemosynas
940 2350 1176 2398 Fidelium
1202 2352 1495 2415 pauperibus
1520 2355 1582 2401 ab

171 2419 420 2482 Apostolis
447 2418 804 2483 impertiendas.
880 2418 1011 2482 Ergo
1038 2419 1169 2466 nulla
1196 2420 1443 2482 responsio
1465 2436 1581 2470 mox

169 2488 330 2535 allata.

239 2556 302 2602 R.
333 2559 407 2602 1⁰·
445 2555 668 2603 Canones
695 2553 899 2601 Concilii
928 2552 1143 2601 Trullani
1169 2554 1331 2619 magni
1355 2571 1449 2603 non
1477 2573 1584 2605 esse

175 2621 400 2685 ponderis
437 2623 484 2668 in
522 2622 747 2670 Ecclesia
774 2621 1011 2679 Romana,
1047 2638 1078 2669 a
1116 2639 1211 2685 qua
1257 2638 1353 2669 non
1388 2621 1587 2673 fuerfint

172 2690 374 2753 recepti.
1360 2687 1365 2691 ’

245 2759 306 2804 R.
333 2760 411 2803 ‘2⁰-
450 2758 747 2820 peculiarem
789 2757 916 2805 lianc
957 2756 1104 2806 fuisse
1145 2758 1345 2805 Patrum
1384 2758 1586 2808 istorum

179 2824 468 2886 opinionem,
496 2841 598 2889 quae
624 2826 808 2873 caeteris
834 2826 980 2888 longe
1005 2824 1223 2889 pluribus
1251 2825 1476 2875 Patribus
1501 2828 1587 2874 mi-

180 2892 308 2938 nime
351 2894 552 2955 probata
584 2904 674 2941 est.
746 2893 980 2941 Diaconis
1023 2894 1149 2941 enim
1185 2909 1431 2945 sacrorum
1468 2896 1589 2942 alta-

125 2990 128 2993 >
180 2959 302 3009 rium
323 2959 573 3008 Ministros
596 2961 644 3007 in
675 2960 813 3010 Actis
838 2978 881 3008 c.
906 2964 954 3010 6.
979 2960 1222 3010 recenseri
1247 2971 1473 3017 constans
1498 2973 1589 3020 est,

830 3029 880 3076 D
1434 3028 1588 3094 >inquit
