1846 3250
414 0 435 4 ”“
461 0 505 3 ““”’
541 0 1846 34 ’Ἦ

565 200 661 249 DE
702 199 762 248 M
768 197 1205 248 ATRIMONIO.
1493 199 1606 246 386*

169 333 305 382 timi·
322 329 505 397 atqui
518 343 683 382 tamen
722 334 877 382 multa
918 342 1114 381 exstant
1142 329 1401 381 Curiatium
1413 345 1602 408 supre-

167 418 353 450 marum
381 401 634 470 Decreta
623 417 672 448 ln
715 401 890 464 quibus
933 400 1142 448 filiorum
1188 398 1333 447 etiam
1360 395 1601 447 minorum

169 469 395 532 coniugia
437 467 542 517 sine
579 483 820 516 consensu
874 479 1132 531 parentum
1186 466 1305 514 inita
1358 481 1454 514 non
1491 483 1605 531 pro-

168 537 453 603 nuntiantur
477 536 638 613 quoad
675 535 1046 583 Sacramentum
1086 544 1135 583 et
1173 534 1336 582 foedus
1371 534 1600 592 invalida,

166 619 260 651 nec
296 603 380 650 filii
418 620 480 652 ex
518 604 574 651 iis
611 604 709 651 nati
747 613 830 651 aut
866 602 1099 651 nascituri
1145 602 1458 650 declarantur
1495 602 1601 651 ille-

166 671 337 734 gitimi.
432 671 547 719 Tria
582 670 818 734 eiusmodi
856 672 1061 718 Arresta
1110 680 1337 718 recenset
1379 670 1601 720 Collator

169 738 560 802 Andegavensis,
596 739 834 787 tredecim
873 737 1130 785 Pontasius
1185 738 1414 786 columna
1453 740 1601 787 1296.

171 807 318 855 1297.
356 807 520 854 Multa
560 807 654 855 alia
689 807 839 855 refert
875 807 942 853 D.
976 805 1164 854 Brillon
1199 804 1248 852 in
1284 821 1375 852 suo
1425 807 1604 859 Arres-

167 884 328 920 torum
367 874 689 922 Dictionario.
772 875 981 937 Insuper
1016 873 1225 937 plurima
1259 873 1504 921 habentur
1549 872 1600 921 in

168 940 340 988 Diario
377 941 762 990 Audientiarum
817 950 935 989 tom.
979 944 1018 988 l.
1071 957 1120 1003 p.
1163 940 1274 992 177.
1319 940 1367 986 in
1406 941 1603 989 Collec-

165 1008 299 1056 tione
326 1008 527 1057 Bardoti
552 1020 669 1057 tom.
712 1011 759 1056 2.
798 1026 845 1072 p.
885 1010 1000 1058 227.
1073 1007 1184 1067 Non
1229 1007 1491 1055 diffitemur
1527 1018 1598 1056 ta·

166 1091 278 1122 rnen
314 1076 470 1123 multo
505 1077 646 1139 plura
699 1087 894 1123 exstare
955 1074 1209 1124 Curi-arum
1259 1087 1598 1138 supremarum

166 1145 371 1190 Arresta
410 1143 584 1207 quibus
622 1143 830 1190 filiorum
871 1141 1110 1191 minorum
1148 1142 1454 1190 matrimonia
1489 1142 1596 1191 sine

165 1226 406 1258 consensu
453 1222 708 1274 parentum
761 1220 1016 1258 contracta
1072 1210 1384 1259 declarantur
1431 1210 1599 1274 quoad

163 1277 325 1325 foedus
382 1277 532 1335 irrita,
592 1278 837 1342 prohibita
897 1278 1113 1341 partibus
1182 1277 1595 1335 rehabilitatione‚

164 1345 395 1410 factaque
430 1346 545 1409 ipsis
598 1355 844 1410 potestate
893 1346 956 1394 ad
1008 1345 1103 1393 alia
1136 1356 1250 1393 vota
1296 1345 1599 1393 transeundi.

166 1413 349 1460 Verum
384 1430 445 1460 ex
485 1414 578 1461 hac
607 1415 920 1462 Arrestorum
961 1413 1243 1461 diversitate
1285 1413 1596 1462 manifestum

162 1480 218 1526 fit
243 1480 448 1530 Judices
472 1497 724 1545 supremos
756 1481 965 1529 filiorum
992 1480 1138 1529 etiam
1166 1482 1404 1528 minorum
1431 1482 1595 1529 matri-

161 1549 341 1605 monia}
377 1565 474 1596 non
501 1549 701 1613 praecise
734 1549 932 1599 defectu
961 1565 1224 1597 consensus
1265 1548 1470 1613 paterni,
1510 1548 1623 1600 de->

165 1616 351 1664 clarare
388 1617 551 1680 quoad
579 1617 748 1665 ‘foedus
784 1627 833 1664 et
891 1617 1259 1664 Sacramentum
1309 1616 1460 1673 irrita‚
1505 1616 1594 1664 sed

163 1692 247 1730 aut
295 1694 496 1747 propter
538 1684 979 1732 clandestinitatem
1023 1698 1133 1747 quae
1173 1699 1236 1731 ex
1274 1698 1335 1731 eo
1369 1693 1596 1746 tempore

163 1767 261 1813 quo
286 1751 450 1814 vigent
473 1751 522 1798 in
550 1750 721 1800 Galliis
747 1751 990 1800 Ludovici
1024 1751 1163 1798 XIV.
1190 1750 1323 1799 circa
1347 1750 1599 1800 domicilia

161 1817 343 1881 Leges,
379 1834 476 1866 non
514 1818 582 1867 ita
615 1835 725 1866 rara
759 1828 851 1878 est,
887 1819 965 1866 vel
1002 1828 1211 1883 propter
1253 1817 1595 1867 seductionem

163 1902 270 1947 quae
303 1885 449 1934 facile
486 1886 534 1932 in
569 1885 681 1934 filiis
738 1897 823 1934 aut
875 1886 1049 1950 puellis
1101 1886 1367 1934 minoribus
1412 1897 1598 1949 praesu-

161 1952 326 2010 mitur,
364 1969 572 2018 quaeque
608 1953 707 2001 duo
742 1953 869 2002 inter
899 1952 1251 2018 impedimenta
1288 1952 1596 2002 Matrimonii

166 2020 535 2068 Sacramentum
573 2021 850 2069 dirimentia
898 2030 1001 2069 tum
1046 2037 1075 2069 a
1109 2030 1355 2085 potestate
1391 2019 1598 2070 ecclesi·

161 2088 315 2135 astica
349 2097 451 2135 turn
501 2088 628 2135 civili
694 2099 1028 2137 recensentur.
1121 2088 1454 2147 Matrimonia,
1529 2089 1593 2137 de

162 2154 339 2217 quibus
370 2155 545 2218 agitur,
582 2172 679 2203 non
720 2157 922 2220 praecise
964 2156 1165 2205 defectu
1207 2172 1473 2205 consensus
1509 2171 1594 2221 pa·

160 2221 286 2269 terni
311 2222 398 2270 sed
424 2233 622 2287 propter
649 2223 1089 2272 clandestinitatem
1132 2234 1217 2272 aut
1249 2224 1591 2273 seductionem

160 2305 189 2336 a
221 2289 378 2338 Curiis
402 2292 639 2354 supremis
665 2306 752 2356 pro
777 2291 921 2340 irritis
952 2291 1122 2341 haberi
1147 2301 1339 2340 constat
1364 2306 1461 2339 non
1486 2302 1593 2341 tan·

159 2366 263 2405 tum
300 2373 363 2405 ex
390 2359 704 2406 Arrestorum
733 2374 793 2407 eo
819 2360 881 2408 de
924 2359 1125 2422 negotio
1166 2359 1465 2417 diversitate,
1503 2360 1592 2408 sed

140 2424 356 2487 >insuper
393 2441 466 2473 ex
501 2441 560 2473 eo
603 2427 741 2490 quod·
776 2428 1030 2476 Advocati
1061 2428 1333 2476 Gener-ales
1372 2427 1591 2488 quotidie

161 2492 601 2541 clandestinitatem
634 2504 719 2542 aut
755 2506 946 2558 raptum
984 2494 1283 2543 seductionis
1325 2494 1593 2543 adhibeant

160 2568 216 2606 ut
240 2558 355 2607 inde
380 2561 676 2609 concludant
701 2562 929 2626 conjugia
954 2561 1189 2610 minorum
1216 2563 1320 2610 sine
1346 2577 1590 2610 consensu

157 2636 415 2689 parentum
462 2626 580 2676 inita
603 2645 692 2694 pro
732 2630 878 2678 irritis
919 2630 968 2677 in
995 2630 1340 2681 Tribunalibus
1366 2629 1590 2678 civilibus

158 2709 266 2742 esse
293 2694 536 2744 habenda.

226 2761 350 2809 Inde
386 2772 459 2810 est
513 2752 643 2827 qdod
669 2791 673 2794 ·
704 2764 1010 2814 matrimonia
1065 2764 1275 2813 filiorum
1329 2769 1586 2828 majorum,
1618 2791 1639 2798 —-

156 2828 441 2878 inconsultis
499 2832 797 2894 parentibus,
842 2842 1111 2891 contracta,
1158 2844 1258 2881 non
1298 2834 1490 2881 soleant
1536 2832 1585 2878 in

162 2895 321 2943 Curiis
345 2898 581 2961 supremis
606 2899 842 2949 declarari
867 2900 1094 2949 invalida.
1187 2900 1335 2949 Ratio
1360 2911 1433 2948 est
1474 2899 1588 2962 quia

158 2962 303 3013 facile
330 2980 425 3014 non
451 2967 756 3029 praesumitur
778 2967 904 3018 filios
927 2973 1134 3032 majores
1159 2967 1307 3017 fuisse
1331 2968 1582 3080 seducdtos,

1506 3046 1583 3081 um
