1846 3250
278 148 373 196 126
782 149 1209 206 TRACTATUS

278 294 422 331 antea
462 284 737 334 inferiorem
766 285 1001 335 Ordinem
1043 290 1230 354 recepit
1267 291 1353 338 sed
1389 300 1557 339 contra
1594 294 1685 341 Ca·

279 368 430 399 nones
465 368 523 399 ac
560 353 661 401 sine
697 352 853 416 gratia
894 366 944 403 et
977 357 1166 418 juribus
1205 358 1362 409 eidem
1391 360 1561 407 Ordini
1603 355 1686 410 an.-

276 420 448 474 nexis;
486 422 611 469 male
637 422 762 469 enim
802 423 1026 486 accipere
1052 435 1101 473 et
1131 427 1405 475 nullatenus
1443 429 1686 491 accipere,

275 493 420 548 juxta
443 488 557 536 satis
583 506 887 538 communem
925 492 1151 556 loquendi
1198 495 1409 550 modum,
1448 513 1541 543 non
1571 498 1689 543 mul·

279 568 380 602 tum
430 557 672 605 differunt.
743 559 824 606 Sic
872 559 1049 608 dicitur
1091 579 1184 608 non
1225 580 1330 611 esse
1371 564 1686 619 Christianus,

279 623 362 687 qui
405 625 664 674 christiane
706 642 803 674 non
843 626 974 675 vivit.
1044 630 1264 679 Dubium
1314 647 1427 679 vero
1468 648 1563 678 non
1613 644 1686 679 est

277 692 395 754 quin
441 693 666 757 Synodus
710 693 1067 745 suessionensis
1109 714 1167 746 eo
1214 715 1356 747 seusu
1404 716 1505 747 rem
1548 699 1689 749 intel-

276 761 469 808 lexerit.

346 828 440 876 His
463 829 683 878 omnibus
707 830 819 878 addi
843 841 1002 894 potest
1024 832 1271 897 Synodum
1293 835 1686 883 Suessionensem

279 898 325 942 2.
358 897 532 944 nullius
575 915 680 946 esse
718 899 1035 957 auctoritatis,
1087 912 1318 965 quantum
1366 903 1427 950 ad
1472 903 1688 951 Ebbonis

279 981 472 1012 causam
522 977 569 1014 et
601 966 944 1015 Ordinationes
986 970 1047 1016 ab
1095 986 1154 1017 eo
1200 980 1439 1034 peractas,
1484 975 1544 1019 1⁰·
1579 971 1691 1033 quia

276 1032 400 1080 Leo.
427 1034 516 1080 IV.
552 1044 669 1082 tunc
697 1035 873 1083 Sedam
900 1037 1169 1085 Romanam
1196 1049 1365 1086 tenens
1389 1053 1494 1086 eam
1535 1039 1689 1103 Syno-

277 1101 393 1148 dum
419 1103 688 1166 approbare
714 1103 919 1152 sollicite
944 1105 1118 1153 renuit.
1191 1108 1255 1152 2⁰·
1296 1105 1423 1160 Quia
1448 1106 1688 1155 Benedic-

276 1180 356 1216 tus
382 1169 481 1217 111.
521 1170 703 1219 Leonis
727 1188 981 1220 successor
1004 1173 1132 1221 illam
1153 1190 1249 1221 non
1274 1174 1574 1255 approbavit,
1599 1174 1690 1221 nisi

276 1236 323 1304 in
351 1249 581 1299 quantum
618 1238 668 1286 id
704 1240 887 1287 irritum
926 1251 1057 1289 esset
1097 1242 1228 1305 quod
1265 1253 1435 1291 contra
1472 1242 1691 1304 dejectos

277 1305 495 1354 Ebbonis
520 1307 738 1356 Clericos
762 1309 822 1356 ab
851 1308 1119 1357 Hincmaro
1155 1318 1389 1358 statutum
1414 1309 1588 1358 fuerat.
1626 1312 1691 1358 3⁰·

277 1373 408 1426 Quia
431 1374 667 1433 Nicolaus
688 1376 730 1423 Ι.
768 1393 1089 1441 quaecumque
1114 1389 1284 1427 contra
1317 1378 1433 1426 istos
1472 1377 1688 1427 Clericos

277 1452 390 1490 acta
412 1442 606 1491 fuerant
635 1444 896 1493 revocavit.
965 1449 1031 1493 4⁰·
1069 1445 1195 1499 Quia
1218 1445 1267 1495 in
1296 1445 1515 1496 Concilio
1543 1447 1687 1495 Sues—

277 1510 485 1557 sionensi
513 1516 558 1559 3.
594 1511 671 1560 isti
699 1513 880 1561 Clerici
904 1513 952 1559 in
987 1514 1238 1576 pristinum
1274 1524 1452 1563 statum
1476 1513 1688 1562 restituti

273 1588 404 1635 sunt,
451 1578 556 1642 ipso
603 1581 938 1628 consentiente
986 1581 1254 1629 Hincmaro
1313 1584 1437 1636 Quae
1489 1582 1685 1646 quidem

276 1645 577 1708 agendiratio
614 1647 662 1693 in
701 1647 795 1695 alio
822 1648 1042 1696 Concilio
1078 1649 1205 1711 apud
1243 1651 1424 1700 Trecas
1465 1665 1542 1698 an.
1571 1651 1685 1700 867.

277 1714 524 1762 celebrato
547 1716 862 1780 comprobata
886 1725 974 1764 est.

281 1849 551 1898 Solvuntur
569 1850 851 1914 Obssctiones
874 1869 931 1899 ecc
953 1851 1347 1901 ordinationibus
1355 1852 1682 1903 Instrusorum

696 1929 740 1967 et
761 1921 1047 1968 Invasorum
1061 1923 1260 1985 petitioe.

353 2055 457 2117 Obj.
487 2059 548 2103 1⁰·
584 2056 708 2104 Cum
734 2055 970 2104 maximus
990 2057 1312 2122 Philosophus
1338 2056 1568 2122 Cynicus,
1595 2068 1686 2106 εδε-

275 2122 450 2170 terium
492 2123 625 2170 Fidei
669 2124 885 2171 Nicaenae
925 2124 1169 2173 Defensor
1205 2126 1484 2179 acerrimus,
1521 2141 1689 2185 versus

275 2191 420 2239 finem
461 2195 507 2239 4.
547 2190 707 2238 saeculi
735 2191 910 2239 Sedem
948 2193 1527 2257 Constantinopolitanam
1571 2192 1688 2240 dolo

276 2275 335 2313 ac
369 2260 577 2322 pec-unia
609 2258 874 2316 invasisset,
913 2260 1085 2307 Patres
1112 2261 1316 2308 Concilii
1382 2264 1423 2307 l.
1449 2261 1685 2308 Constan-

275 2326 579 2390 tinopolitani
601 2327 840 2390 generalis
863 2344 970 2375 can.
995 2333 1041 2375 4.
1056 2329 1358 2376 decreverunt
1368 2344 1472 2374 eum
1491 2344 1572 2373 nec
1596 2343 1695 2393 esse*

277 2412 360 2442 neo
380 2395 540 2458 fuisse
561 2412 776 2458 amquam
799 2394 1109 2459 Episcopum,
1147 2412 1232 2441 owe>
1260 2395 1466 2442 Clericos
1489 2411 1563 2441 eos
1596 2396 1682 2457 qui

277 2462 338 2508 ab
362 2463 445 2510 illo
467 2465 680 2511 ordinati
686 2463 898 2527 fai-esent
902 2499 1022 2512 ......
1052 2472 1095 2510 et
1116 2479 1222 2525 quae
1245 2462 1305 2509 ab
1327 2463 1410 2513 illo
1433 2462 1684 2525 actafuz‘s-

275 2539 389 2586 sent,
426 2533 568 2578 irrita
604 2548 712 2578 esse.
785 2532 967 2580 Similia
1003 2531 1150 2579 refert
1193 2530 1492 2579 Sozomenus
1526 2530 1608 2577 lib.
1638 2533 1686 2580 7.·

273 2613 380 2660 cap.
399 2601 453 2646 9,

345 2665 411 2712 R.
449 2667 556 2712 dist.
592 2666 753 2728 quoad
801 2683 938 2714 usum
985 2676 1034 2714 et
1081 2665 1366 2714 exercitium
1415 2665 1685 2730 potestatis,

276 2749 408 2789 cono.¹
429 2733 590 2796 quoad
626 2733 973 2791 characterem,
1010 2750 1112 2795 neq.
1140 2734 1326 2781 Eodem
1365 2750 1508 2782 sensu
1544 2734 1684 2780 intel-

275 2799 359 2863 ligi
387 2800 534 2848 debet
574 2800 623 2848 S.
658 2801 779 2849 Leo.
806 2801 959 2864 Epist.
983 2802 1094 2848 olim
1124 2804 1203 2849 9⁶2.
1237 2818 1366 2850 nunc
1397 2804 1442 2850 2.
1470 2802 1530 2849 ad
1559 2799 1683 2848 Rus-

277 2867 443 2923 ticum,
481 2866 562 2915 ubi
587 2867 651 2915 ait
677 2868 862 2916 nullam
885 2871 1114 2916 rationem
1137 2872 1289 2917 sinere
1312 2879 1367 2918 ut
1387 2872 1509 2918 inter
1531 2867 1680 2930 Epis-

275 2953 413 2999 copos
435 2935 710 2995 habeantur,
746 2937 833 2998 qui
866 2952 948 2983 nec
983 2953 1013 2983 a
1045 2937 1241 2985 Clericis
1266 2946 1393 2989 ,sunt
1420 2938 1560 2997 electi,
1596 2950 1679 2985 nec·

273 3020 305 3062 ᾳ
326 3003 554 3062 ,Ρῖεῖὂὶὂαε
576 3006 777 3066 expetiti.
845 3004 852 3009 ”
972 3005 976 3007 ’
1073 3005 1077 3007 ’
1569 3068 1659 3116 Ob·
