1846 3250
264 163 387 212 468.
773 164 1206 217 TRACTATUS
1284 174 1287 175 ’

274 329 281 337 ·
329 296 396 345 R.
430 298 722 362 affirmative,
761 298 850 347 nisi
888 300 986 347 voti
1024 300 1432 363 dispensationem
1472 300 1694 364 obtinue-

263 363 342 413 rit.
415 365 562 417 Ratio
598 377 673 414 est
710 367 824 430 quia
859 378 972 415 vota
1009 368 1191 416 debent
1242 365 1448 432 impleri,
1497 364 1692 433 quando

258 431 309 478 id
334 431 468 481 licite
493 433 596 480 fieri
623 444 816 498 potest3
852 435 983 496 atqui
1025 435 1158 483 licite
1200 447 1363 500 potest
1403 439 1498 485 hoc
1524 447 1691 486 votum

258 498 465 562 impleri,
510 517 621 548 cum
658 501 977 564 nondumbex
1015 502 1285 567 hypothesi
1331 505 1689 554 matrimonium

258 579 646 616 consummatum
670 569 837 616 fuerit.

334 634 527 692 Quaeres
576 639 658 683 30·
698 635 835 700 quid,·
870 635 908 683 si
950 635 1236 700 simpliciter
1284 637 1557 686 castitatem
1607 654 1690 686 vo-

254 699 419 757 visset,
456 703 519 750 de
544 703 888 767 amplectenda
916 705 1174 767 Religione
1200 721 1294 752 non
1323 705 1543 769 cogitans
1562 705 1585 750 P

273 812 281 818 .
324 770 385 817 R.
422 769 471 816 in
509 772 600 818 hac
638 771 903 833 quaestione
940 773 1211 820 concordes
1247 788 1344 818 non
1381 789 1487 820 esse
1525 772 1688 821 Theo-

255 836 411 899 logos.
506 838 606 886 Alii
654 840 823 886 volunt
859 856 969 886 eum
1011 840 1073 887 ad
1113 840 1420 902 Religionem
1457 839 1689 903 profiten-

203 965 207 968 ζ
254 903 366 951 dam
402 906 575 963 teneri,
614 907 743 970 quia,
782 907 1024 969 inqqunt,
1062 907 1278 971 quisquis
1321 918 1486 954 votum
1539 907 1691 954 adim-

255 972 421 1034 plendi
447 983 740 1036 potestatem
768 974 935 1028 habet,
973 984 1167 1022 tenetur
1192 974 1313 1022 illud
1345 975 1564 1038 implere,
1603 975 1690 1022 de·

258 1039 443 1103 betque
502 1041 721 1103 medium
765 1052 1093 1104 opportunum
1137 1043 1364 1105 amplecti
1417 1054 1469 1089 ut
1519 1041 1689 1089 Fidem

209 1164 215 1171 ¹
256 1106 370 1156 Deo
395 1107 557 1155 datam
584 1118 777 1156 servet:
814 1110 948 1170 atqui
986 1109 1174 1157 nullum
1198 1109 1246 1155 in
1274 1125 1333 1157 ea
1369 1110 1689 1157 circumstan-

252 1173 320 1220 tia
355 1175 569 1222 medium
631 1176 744 1223 huic
803 1176 1019 1223 occurrit
1066 1173 1129 1223 ad
1176 1176 1467 1224 servandum
1520 1186 1687 1223 votum

260 1251 438 1304 praeter
461 1243 729 1306 ingressum
756 1243 804 1289 in
833 1244 1160 1306 Religionem.
1232 1243 1332 1291 Alii
1352 1244 1505 1292 multo
1525 1243 1690 1306 plures

259 1310 477 1359 sentiunt
524 1327 620 1368 non
670 1311 841 1368 teneri,
897 1312 1008 1373 quia
1042 1327 1187 1358 nemo
1225 1321 1420 1359 tenetur
1457 1311 1564 1374 plus
1599 1311 1693 1358 sol-

260 1391 376 1424 vere
411 1394 554 1440 quam
589 1378 837 1442 promisit:
874 1378 1010 1442 atqui
1045 1378 1154 1426 talis
1188 1374 1335 1426 homo
1371 1378 1521 1426 solam
1548 1377 1692 1426 casti-

260 1452 429 1502 tatem,
466 1462 563 1493 non
588 1447 733 1494 vitam
761 1446 1096 1501 monasticam,
1121 1446 1268 1494 vovit.
1340 1445 1417 1493 En
1437 1445 1691 1509 utriusque

256 1513 512 1561 sententiae
558 1514 805 1577 praecipua
838 1513 1174 1571 fundamenta,
1217 1530 1322 1577 quae
1374 1509 1526 1576 magis
1574 1513 1690 1561 arri-

255 1578 372 1629 serit
411 1580 636 1643 eligatur.
730 1580 891 1629 Prima
931 1582 1030 1629 Dei
1070 1581 1169 1645 legi
1212 1591 1263 1629 et
1300 1580 1399 1629 voti
1440 1579 1690 1629 sanctitati

253 1646 410 1708 magis
433 1646 581 1701 favet,
620 1648 869 1711 tutiorque
896 1649 1102 1696 videtur.
1174 1651 1245 1696 At
1267 1647 1395 1696 forte
1419 1641 1569 1696 satius
1594 1646 1687 1696 erit

254 1712 401 1761 certis
431 1714 479 1761 in
524 1714 900 1766 circumstantiis
925 1715 1026 1762 voti
1073 1715 1484 1778 dispensationem
1521 1725 1688 1778 postu-

250 1780 369 1837 lare,
405 1781 509 1830 sine
545 1799 640 1844 qua
675 1782 799 1846 parti
842 1792 957 1845 voto
1012 1781 1245 1846 castitatis
1282 1781 1527 1830 adstrictae
1569 1795 1687 1828 con-

239 1848 410 1911 jugale
429 1849 648 1897 debiturn
665 1866 922 1912 *nunquam
948 1858 1117 1912 petere
1142 1850 1274 1897 licet.

325 1916 518 1971 Quaeres
560 1920 635 1964 49·
671 1927 873 1980 quotum
916 1916 1103 1981 sponsis
1145 1926 1336 1979 tempus
1361 1915 1680 1974 concedatur,

250 1991 306 2030 ut
330 1983 604 2033 deliberent
629 1985 691 2032 de
721 1985 990 2047 Religionis
1015 1985 1235 2046 ingressu
1253 1984 1276 2030 Ρ

272 2095 285 2102 ,.
322 2052 385 2098 R.
422 2068 632 2115 ex‘cap.
669 2053 726 2103 7.·
770 2052 831 2099 de
874 2054 1018 2100 Conv⁴
1072 2055 1256 2116 conjug.
1305 2050 1428 2099 duos
1475 2048 1685 2098 concedi

252 2134 445 2170 menses
490 2119 666 2182 quibus
702 2120 778 2167 vel
835 2119 1145 2182 Religionem
1204 2119 1558 2181 ingrediantur,
1607 2117 1687 2165 vel

248 2201 417 2238 secum
446 2187 729 2234 maritaliter
765 2187 1002 2234 habitent.
1075 2186 1169 2234 Per
1193 2185 1315 2233 illud
1345 2183 1577 2248 temporis
1614 2183 1686 2231 in-

249 2254 506 2300 tervallum
552 2254 686 2301 licite
736 2270 830 2300 non
902 2262 1064 2316 potest
1130 2258 1310 2314 conjux
1362 2269 1390 2300 a
1432 2261 1683 2314 comparte

249 2319 608 2378 Professionem
647 2321 915 2368 meditante
952 2319 1174 2367 debitum
1210 2320 1430 2382 exigere.
1510 2320 1578 2365 At
1626 2317 1685 2364 li-

249 2387 425 2442 berum*
459 2404 557 2434 non
593 2398 683 2443 est,
721 2403 900 2450 sponso
937 2385 1192 2440 derelicto,
1229 2387 1292 2433 ad
1326 2385 1443 2433 alias
1488 2384 1682 2448 nuptias

249 2454 471 2511 transire,
514 2454 604 2501 nisi
646 2467 756 2519 post
784 2454 1142 2502 Professionem
1170 2453 1385 2511 alterius,
1422 2469 1531 2517 quae
1569 2462 1685 2500 ante

247 2536 426 2578 annum
498 2522 796 2587 probationis
868 2522 1119 2584 expletum
1191 2520 1295 2568 fieri
1360 2537 1456 2567 non
1500 2529 1680 2583 potest.

250 2589 398 2641 Quod
422 2588 461 2635 si
487 2589 675 2646 mulier,
713 2605 823 2636 cum
864 2587 1134 2652 pubertatis
1159 2604 1310 2635 annos
1343 2586 1520 2649 attigit,
1566 2586 1680 2633 Mo·

248 2654 513 2702 nasterium
549 2655 768 2719 ingressa
799 2655 1015 2711 est,rvir‚
1054 2665 1107 2701 ut
1148 2670 1297 2702 novas
1337 2654 1529 2717 nuptias
1566 2664 1682 2700 con-

248 2721 426 2778 trahat,
446 2732 661 2776 tenetur
681 2733 948 2786 expectare
974 2737 1105 2769 nunc
1130 2722 1179 2768 in
1208 2720 1381 2770 Galliis
1425 2734 1580 2782 usque
1615 2720 1680 2767 ad

248 2804 428 2838 annum
454 2788 668 2837 mulieris
712 2794 787 2838 18.
882 2789 1006 2836 Aliis
1031 2788 1078 2834 in
1109 2788 1412 2851 Regienibus
1439 2788 1521 2834 ubi
1544 2785 1680 2849 viget

248 2855 536 2906 Tridentina
560 2855 816 2922 disciplina
838 2857 1009 2904 saltem
1038 2871 1191 2918 usque
1211 2856 1273 2903 ad
1307 2859 1381 2904 16.
1407 2870 1517 2902 cum
1544 2854 1677 2918 prius

247 2937 313 2974 ex
341 2922 563 2973 Concilio
589 2923 877 2973 Tridentino
902 2923 1130 2991 profiteri
1143 2939 1240 2972 non
1264 2923 1429 2971 liceat.
1484 2987 1527 3044 Q

1530 3001 1675 3036 aceres
