1846 3250
649 167 744 216 DE
783 168 1080 217 oRmNE.
1175 197 1179 207 s
1372 143 1373 146 ’
1493 167 1584 214 121

177 305 407 352 sanctiore
433 302 757 361 Ordinatione,
795 321 955 367 graece
982 303 1278 360 Keirotonia‚
1317 301 1590 366 confirmati

164 372 369 435 fuerint,
406 373 473 418 ad
506 374 873 420 communionem
904 381 1020 435 post
1051 373 1149 419 haec
1183 373 1513 429 admittantur,
1549 380 1593 418 et

171 442 477 501 permittatur
500 440 599 487 illis
621 441 810 503 quidem
834 440 1091 488 honoribus
1109 439 1226 505 frui
1250 449 1294 488 et
1315 441 1465 487 sacris
1487 456 1591 487 mu-

180 507 369 555 neribus
387 507 555 571 funqi.
627 508 775 570 Ergo,
801 513 890 557 &c.
959 559 962 562 .

210 619 213 621 .
248 577 310 623 R.
337 575 627 624 sanctiorem
648 577 1032 632 Ordinationem,
1060 592 1168 640 quae
1191 575 1256 623 ibi
1281 585 1592 635 memoratur,

181 657 277 693 non
317 660 423 693 esse
460 644 825 692 Ordinationem
869 644 1268 692 sacramentalem
1307 660 1377 711 ac,
1402 645 1595 707 proprie

159 726 161 731 ·
183 711 379 770 dictam,
405 712 492 759 sed
517 722 703 760 tantum
722 711 1089 761 Ordinationem
1109 712 1372 776 improprie
1396 712 1594 771 dictam,

182 795 362 827 meram
385 780 717 828 caeremoniam
740 780 1137 836 ecclesiasticam,
1163 796 1344 828 meram
1364 796 1596 830 manuum

181 846 553 911 impositionem,
589 866 686 914 qua
712 849 965 898 Meletiani
991 849 1039 895 in
1065 848 1163 897 suis
1189 848 1452 896 Ordinibus
1479 865 1595 896 con-

183 914 511 972 firmabantur,
548 929 597 965 et
629 917 893 980 legitimam
917 917 1194 966 missionem
1228 932 1490 979 veramque
1521 923 1599 980 Ju-

182 983 511 1031 risdictionem
548 986 846 1033 obtinebant.
917 985 1042 1033 Nam
1075 990 1134 1032 1⁰·
1165 1002 1279 1039 vox,
1316 984 1594 1044 keirotonia,

181 1067 269 1113 per
293 1069 345 1099 se
369 1052 485 1100 nihil
511 1052 601 1101 nisi
624 1070 850 1101 manuum
876 1053 1224 1117 expansionem
1247 1052 1505 1118 siguificat,
1539 1071 1598 1103 ac

181 1119 386 1182 proinde
425 1121 643 1185 usurpari
681 1131 844 1185 potest
883 1139 985 1186 pro.
1010 1139 1237 1170 manuum
1272 1121 1596 1186 impositione,

186 1204 293 1249 quae
316 1205 413 1236 non
438 1190 593 1238 solum
628 1189 676 1235 in
700 1191 848 1238 sacris
875 1190 1290 1249 Ordinationibus,
1326 1190 1414 1238 sed
1449 1190 1598 1239 etiam

182 1254 232 1301 in
256 1272 501 1305 sacrorum
529 1258 766 1305 Ordinum
792 1258 1097 1307 restitutione
1123 1269 1206 1307 aut
1232 1258 1599 1308 confirmatione

183 1322 344 1371 locum
386 1325 570 1382 habuit,
614 1326 675 1373 de
702 1318 797 1389 qua
837 1326 1131 1374 mentionem
1155 1328 1341 1376 faciunt
1370 1327 1595 1388 Synodus

189 1391 426 1440 Toletana
449 1396 496 1439 4.
537 1393 767 1441 Nicolaus
793 1395 859 1441 II.
891 1395 942 1440 in
970 1395 1123 1458 Epist.
1162 1395 1224 1442 ad
1263 1411 1429 1443 omnes
1456 1396 1600 1459 Epis-

186 1475 352 1523 copos,
392 1461 564 1509 Petrus
607 1461 873 1510 Damianus
917 1462 1103 1525 Opusc.
1145 1466 1192 1511 6.
1246 1468 1310 1511 2⁰·
1354 1464 1602 1512 Ordinati-

186 1543 326 1575 onvem
369 1528 495 1576 hanc
538 1531 1147 1579 revera‘confirmatoriam
1185 1548 1291 1579 esse
1317 1543 1508 1580 constat
1533 1549 1598 1580 ex

185 1595 287 1643 istis
315 1596 520 1645 Concilii
544 1598 700 1645 verbis
721 1616 733 1644 ε
780 1598 945 1645 Simul
964 1609 1105 1662 atque
1129 1602 1360 1648 sanctiore
1387 1602 1597 1648 Ordina-

184 1665 307 1710 tione
347 1658 613 1727 confirmati
638 1666 846 1730 fuerint.
906 1668 969 1713 3⁰·
1011 1669 1061 1716 Si
1098 1668 1355 1716 Meletiani
1396 1667 1597 1718 Ordinis

186 1732 515 1781 characterem
541 1750 637 1781 non
662 1734 1022 1798 susceptissent‚
1060 1736 1283 1799 profecto
1309 1735 1598 1802 permissum

147 1824 159 1831 —
183 1799 275 1847 illis
299 1817 395 1848 non
418 1800 588 1850 fuisset
612 1803 659 1848 in
685 1802 922 1866 susceptis
949 1805 1214 1852 Ordinibus
1238 1821 1463 1862 manere3
1509 1806 1599 1854 sed

183 1868 297 1916 satis
321 1869 490 1933 utique
525 1870 695 1918 fuisset
715 1872 786 1927 si,
824 1881 878 1918 ut
900 1870 1040 1920 Laici
1066 1885 1220 1927 erant,
1262 1873 1328 1922 ita
1363 1891 1392 1922 a
1418 1877 1598 1925 Catho-

186 1936 290 1983 licis
325 1938 676 1999 reciperentur.
743 1939 852 1986 Nec
889 1940 1014 1986 enim
1050 1940 1260 1988 schisma
1296 1942 1374 1990 cui
1407 1942 1600 1994 fuerant

189 2004 370 2051 addicti
411 2003 524 2067 ipsis
565 2005 867 2054 meritoesse
908 2008 1067 2070 potuit
1093 2018 1142 2056 et
1168 2025 1327 2057 causae
1351 2027 1436 2059 cur
1461 2014 1599 2062 novis

187 2070 435 2119 beneficiis
471 2073 832 2122 cumularentur
857 2085 906 2123 et
934 2077 1198 2124 Catholicis
1234 2079 1595 2141 praeferrentur.

188 2143 253 2185 4⁰·
307 2138 560 2187 Meletiani
603 2141 826 2193 dicuntur
867 2143 971 2191 lecti
1009 2147 1061 2191 in
1101 2162 1292 2193 sacrum
1331 2149 1592 2199 Ordinem.-

146 2220 152 2226 ·
187 2207 405 2270 profana
428 2217 592 2256 autem
631 2218 681 2256 et
717 2210 850 2259 irr'ita
892 2211 1150 2261 Ordinatio
1188 2230 1248 2262 eo
1282 2216 1476 2267 nomine
1500 2235 1599 2267 non

187 2276 532 2338 appellaretur.-
1280 2329 1285 2333 ,
1490 2335 1494 2340 ,
1526 2329 1529 2332 .

256 2344 455 2392 Fallitur
477 2344 642 2410 itaque
662 2346 881 2395 Valesius
909 2348 989 2412 qui
1014 2349 1061 2396 in
1086 2349 1212 2402 notis
1237 2352 1298 2398 ad
1318 2368 1424 2416 cap.
1445 2356 1490 2401 9.
1514 2353 1597 2403 lib.

189 2414 238 2486 ⁴1.
278 2411 490 2460 Socratis
521 2430 709 2474 vocem,
745 2416 1019 2476 lceirotonia,
1058 2418 1119 2466 de
1143 2435 1258 2467 vera
1282 2414 1606 2471 Ordinatione

187 2488 538 2542 interpretatus·
554 2492 644 2530 est.

208 2570 214 2575 -
259 2548 499 2595 Caeterum
519 2554 634 2611 jam
681 2560 846 2599 antea¹
867 2552 1225 2602 observavimus
1269 2555 1601 2607 ordinationis

192 2629 488 2692 nomen-non
510 2615 842 2682 infrequenter
874 2620 999 2682 apud
1026 2622 1231 2671 Veteres
1255 2640 1399 2673 sensu
1424 2626 1601 2690 impro-

190 2696 297 2744 prio
320 2697 490 2745 accipi,
526 2700 584 2732 ac
608 2686 880 2749 significare
923 2705 1102 2737 meram
1139 2690 1476 2740 caerernoniam
1503 2711 1600 2758 qua

192 2749 298 2812 quis
325 2750 517 2798 Ordinis
556 2753 837 2803 charactere
864 2760 964 2818 Jam
1003 2757 1255 2821 insignitus
1285 2760 1347 2808 ad
1372 2762 1601 2810 obeunda

190 2818 707 2870 munia-ecclesiastica
731 2824 1053 2874 constituitur.
1102 2826 1260 2876 Sic'S.
1282 2829 1455 2877 Petrus
1480 2829 1601 2876 dici-

192 2894 270 2931 tur
309 2885 474 2933 Romae
511 2887 759 2938 ordinatus
798 2891 946 2940 fuisse
972 2893 1264 2959 Episcopus;
1308 2908 1359 2944 et
1382 2898 1601 2944 ,Iacobus

190 2952 493 3000 Jerosolimae
516 2955 576 3002 ab
603 2956 867 3019 ApostoliS,
911 2976 1184 3026 quanquam
1221 2951 1601 3013 antea⁸0rdinis

192 3021 474 3071 charactere
500 3033 659 3073 essent
685 3024 855 3075 induti.

1479 3098 1600 3149 1ηεί.
