1846 3250
498 135 594 184 DE
634 126 1129 183 MATRIMONIO.
1451 137 1553 183 455

119 287 258 338 posse
280 268 468 320 dissolvi
489 268 798 333 maecharique
821 284 922 315 eum
962 269 1057 333 qui,
1093 266 1282 321 dimissa
1321 265 1554 326 adultera,

127 341 268 388 aliam
316 337 514 392 duxerit,
568 344 614 383 et
660 353 759 383 eam
797 352 901 401 qtcae
941 335 1130 383 dimisso
1167 333 1382 384 adultero
1416 333 1558 383 atteri

130 406 357 471 nupserit,
383 403 627 450 anathema
653 405 730 450 sit.
1083 410 1085 413 '

200 474 309 519 Nec
349 469 602 517 tolerabile
639 480 712 517 est
754 468 985 532 effugium
1021 468 1229 517 Launoii
1282 469 1381 533 qui,
1430 467 1560 518 sieut

131 549 276 588 antea
331 536 562 593 diximus,
616 536 665 582 in
709 546 872 584 mente
930 536 1101 584 habuit
1147 553 1258 584 eum
1308 538 1562 585 Canonem

132 607 194 654 ad
237 621 419 654 meram
457 603 760 667 disciplinam
803 602 1064 666 pertinere.
1135 604 1262 651 Nam
1317 607 1391 650 1⁰·
1428 604 1562 668 quod

132 673 362 721 Ecclesia
418 670 587 718 docuit
636 681 687 718 et
744 671 909 726 docet,
943 674 1096 734 juxta
1151 670 1461 735 evangelicam
1518 679 1564 720 et

134 740 432 805 apostolicam
454 738 730 794 doctrinam,
767 737 939 801 procul
964 738 1114 785 dubio
1140 755 1235 785 non
1262 738 1473 802 pertinet
1499 738 1565 786 ad

134 824 317 855 meram
361 805 682 868 disciplinam,
719 805 807 852 sed
848 820 1016 852 verum
1056 816 1131 852 est
1163 806 1360 869 Dogma
1401 821 1430 853 a
1464 821 1565 869 quo

138 889 386 938 nunquam
415 872 649 921 recedere
685 872 819 920 licet.
891 874 971 918 20·
1008 873 1176 920 Canon
1204 872 1296 920 iste
1321 871 1566 920 Luthera·

136 958 225 989 nos
268 952 319 989 et
367 939 654 988 calvinistas
697 938 937 1003 percellit.
1007 940 1078 986 At
1124 940 1202 986 isti
1249 954 1346 985 non
1395 949 1568 987 contra

134 1010 287 1056 solam
340 1006 643 1069 disciplinam
702 1007 788 1053 sed
838 1016 1009 1053 contra
1065 1022 1229 1053 veram
1275 1004 1569 1053 matrimonii

134 1074 406 1122 doctrinam
434 1073 724 1136 peccabant,
761 1083 1034 1121 asserentes
1074 1072 1197 1121 illud
1230 1072 1567 1121 fornicationis

137 1158 284 1191 causa
308 1157 372 1191 ex
399 1140 669 1204 Evangelio
693 1155 837 1204 posse
861 1139 1075 1188 dissolvi.

562 1274 817 1324 Solvuntur
860 1274 1162 1337 Ohjectiones.

212 1411 316 1475 obj.
358 1410 429 1458 10·
455 1409 756 1459 Matth..19.
797 1410 1079 1475 Quicumque
1114 1408 1345 1460 dimiserit
1380 1423 1570 1462 uxorem

141 1496 289 1536 suam,
326 1478 420 1527 nisi
463 1478 518 1526 ob
542 1477 938 1541 fornicationem,
975 1486 1020 1525 et
1066 1477 1209 1527 alium
1251 1479 1436 1528 duxerit
1460 1497 1571 1532 moe-

145 1548 327 1595 ebatur.
434 1545 621 1593 Eadem
663 1545 895 1607 leguntur
941 1545 1072 1607 apud
1120 1546 1348 1592 eumdem
1387 1548 1571 1595 Matth.
1649 1587 1652 1590 ,

141 1630 249 1677 cap.
276 1618 324 1663 5.
395 1612 541 1662 Unde
566 1612 637 1660 sic
660 1612 990 1675 argumentari
1016 1617 1171 1672 Juvat.
1243 1612 1465 1662 Christus
1503 1615 1572 1662 ibi

144 1681 293 1729 docet
316 1680 550 1727 moechari
580 1695 691 1727 eum
736 1679 818 1742 qui
860 1694 1065 1726 uxorem
1108 1695 1242 1726 suam
1263 1680 1480 1729 “dimittit
1521 1693 1575 1730 et

144 1748 285 1796 aliam
313 1746 465 1804 ducit,
493 1756 725 1810 excepto,
763 1745 1094 1793 fornicationis
1120 1763 1252 1794 casu.
1322 1747 1481 1811 Igitur
1500 1748 1572 1798 fas

145 1825 221 1863 est
246 1815 435 1861 in'casu
476 1813 811 1861 fornicationis
854 1828 1058 1861 uxorem
1085 1813 1330 1862 dimittere
1356 1825 1407 1863 et
1430 1815 1574 1865 aliam

145 1883 342 1930 ducere.
414 1879 496 1927 Sic
516 1879 553 1927 si
580 1880 686 1944 quis
711 1879 890 1927 dixerit
913 1899 926 1936 ς
965 1880 1260 1943 quicumque
1275 1884 1574 1945 peccaverit,

144 1949 234 1997 nisi
273 1947 608 2013 poenitentiam
646 1948 819 2011 egerit,
855 1946 1048 2010 peribit,
1087 1964 1146 1996 eo
1186 1950 1293 2011 ipso
1333 1948 1576 2014 significat

147 2033 258 2064 eum
285 2018 382 2062 non
408 2031 513 2063 esse
537 2014 806 2079 periturum
844 2014 927 2078 qui
964 2015 1081 2063 licet
1116 2017 1396 2079 peccaverit
1420 2019 1577 2083 poeni-

151 2084 353 2132 tentiam
378 2082 495 2146 agit.
1559 2119 1562 2121 ,

214 2151 291 2198 Ru
325 2150 594 2198 clausulum
644 2148 949 2213 exceptivam
997 2166 1026 2197 a
1064 2151 1260 2200 Christo
1304 2153 1576 2217 appositam

152 2218 331 2267 cadere
366 2218 521 2265 solum
559 2217 606 2262 in
650 2217 859 2281 priorem
902 2219 1243 2280 propositionis
1285 2231 1489 2283 partem,
1526 2222 1577 2272 in

152 2286 259 2333 haec
283 2301 460 2347 nempe
502 2284 666 2342 verba,
703 2286 784 2349 qui
820 2285 1048 2333 dimiserit
1085 2305 1271 2336 uxorem
1291 2308 1311 2344 ;
1350 2288 1475 2337 adeo
1523 2300 1577 2338 ut

147 2368 317 2401 sensus
364 2351 441 2408 sit,
497 2351 790 2415 quicumque
844 2353 905 2399 ab
948 2369 1101 2401 uxore
1137 2365 1389 2418 separatus
1429 2357 1579 2406 fuerit

151 2420 312 2482 quoad
358 2421 552 2466 thorum
600 2429 649 2466 et
693 2419 1059 2476 habitationem,
1111 2432 1325 2486 excepta
1369 2423 1579 2473 fornica-

152 2487 297 2534 tionis
336 2501 500 2543 causa,
536 2485 827 2543 moechatur,
865 2486 978 2550 quia
1018 2487 1137 2535 facit
1175 2505 1281 2536 eam
1326 2492 1577 2551 moecbari,

150 2569 240 2602 seu
281 2553 329 2600 in
372 2569 520 2601 causa
553 2564 629 2600 est
668 2570 755 2601 cur
789 2553 1106 2616 impudicitiae
1142 2556 1326 2604 crimen
1356 2560 1580 2609 commit·

153 2631 240 2669 tat.
312 2620 456 2682 Nego
497 2636 612 2669 vero
655 2620 1000 2684 exceptionem
1039 2622 1217 2672 cadere
1256 2624 1304 2672 in
1343 2629 1582 2689 posterio-

156 2704 260 2736 rem
307 2686 648 2753 propositionis
700 2699 905 2752 partem,
960 2705 1048 2737 seu
1099 2690 1148 2737 in
1196 2692 1280 2740 illa
1319 2695 1483 2754 verba,
1534 2706 1579 2745 et

156 2755 299 2804 aliam
335 2756 476 2813 ducit,
513 2755 636 2803 adeo
678 2765 732 2803 ut
771 2772 940 2804 sensus
976 2756 1039 2804 sit
1074 2758 1300 2808 moechari
1342 2777 1454 2809 eum
1497 2762 1581 2826 qui

155 2823 297 2870 aliam
351 2837 555 2869 uxorem
603 2822 755 2881 ducit,
811 2834 1025 2888 excepto
1065 2825 1399 2876 fornicationis
1446 2832 1580 2879 casu’.

160 2889 242 2937 Sic
296 2899 459 2939 autem
493 2888 859 2955 intelligendam
908 2908 1014 2941 esse
1063 2893 1242 2944 Christ-i
1288 2895 1580 2961 propositio-

256 2986 259 2988 ·
290 2987 317 2991 ’ν
475 2980 487 2992 *
1449 2979 1580 3027 nem,
