1846 3250
282 149 400 205 -1‘3'4
808 150 1250 209 TRACTATUS.

305 293 574 341 Solvuntur
619 284 906 354 Oly‘eetiones
942 310 999 341 ea:
1042 294 1436 344 Ordinatiom'bus
1464 294 1705 344 Simonia—

837 378 997 417 corum
1010 365 1192 426 petiise-

373 496 479 559 Obj.
521 500 562 543 l.
618 498 668 545 S.
713 497 980 560 Gregorius
1019 496 1373 555 NazianzenuS,
1407 502 1536 564 apud
1578 502 1704 550 Gra-

298 563 479 613 tianum
529 565 730 614 Decreti
771 576 894 629 part.
936 582 1082 614 causa
1128 571 1170 613 l.
1212 579 1380 632 quaest.
1410 573 1451 616 1.
1487 581 1594 633 cap.
1624 572 1701 617 11.

294 634 364 681 sic
389 634 563 681 habet.
598 635 698 693 Qui
719 635 871 681 studet
891 635 1067 682 donum
1090 634 1191 681 Dei
1225 639 1375 700 pretio
1397 640 1611 694 mercari,
1648 640 1700 684 in

293 718 430 748 saer-o
456 702 633 750 Ordine
671 701 810 749 nulla
827 705 1010 749 ratione
1032 703 1088 749 de
1110 712 1272 751 ecetero
1301 721 1580 767 permanere
1613 714 1700 752 auc

294 772 505 817 revocari
534 786 674 838 posse
696 770 892 816 dubium
916 787 1011 817 non
1034 779 1102 818 est
1103 808 1203 821 ......
1209 774 1325 835 quia
1349 789 1479 820 nemo
1503 775 1699 820 retinere

283 845 437 901 potest
456 839 586 900 quod
606 839 830 884 zendidit.
900 835 1050 902 Erg0‚
1087 843 1174 887 ὅτε.
1225 854 1227 856 ’

357 906 424 953 R.
465 910 540 952 10·
593 905 697 954 haec
736 907 883 954 verba
923 906 969 953 in
1014 907 1255 970 Operibus
1297 907 1525 972 Gregorii
1574 909 1696 956 Naz.

287 983 382 1020 non
419 972 635 1037 reperiri,
694 974 782 1021 sed
827 974 1001 1022 similia
1041 975 1260 1037 quaedam
1285 977 1381 1039 legi
1406 977 1454 1023 in
1484 977 1699 1041 Epistola

287 1042 471 1089 Tarasii
512 1041 574 1089 ad
616 1042 904 1091 Adrianum.
976 1043 1199 1091 Tarasius
1240 1053 1401 1091 autem
1452 1045 1693 1109 Gregorio

285 1110 598 1163 Nazianzeno
639 1111 785 1175 longe
817 1122 889 1159 est
916 1111 1205 1160 auctoritate
1244 1111 1456 1169 inferior,
1492 1113 1617 1161 sicut
1642 1124 1693 1162 et

283 1179 437 1226 multo
461 1178 720 1241 recentior.

307 1255 312 1260 '
351 1247 419 1294 R.
444 1248 522 1293 20·
558 1262 623 1294 ex
646 1246 804 1294 verbis
828 1246 877 1293 in
901 1245 1176 1310 objectione
1201 1247 1363 1296 relatis
1388 1249 1689 1298 solummodo

282 1315 446 1377 colligi
472 1330 614 1378 posse
642 1315 940 1362 Simoniacos
970 1332 1075 1363 esse
1116 1316 1449 1379 deponendos,
1485 1333 1578 1365 nec
1603 1335 1691 1365 un-

281 1398 426 1446 quam
463 1382 804 1439 restituendos,
840 1400 935 1430 non
975 1399 1090 1431 vero
1131 1401 1214 1432 eos
1258 1384 1453 1432 Ordinis
1491 1385 1690 1434 charac-

280 1460 432 1499 terem
459 1467 553 1498 non
578 1451 863 1514 suscepisse.
935 1451 1030 1505 Qui
1056 1452 1182 1500 enim
1216 1452 1393 1517 dicitur
1427 1470 1523 1500 non
1547 1469 1689 1516 posse

278 1519 327 1565 in
352 1520 514 1582 aliquo
540 1519 726 1566 Ordine
762 1536 1063 1583 permanere,
1099 1521 1386 1585 supponitur
1409 1537 1516 1569 eum
1544 1522 1688 1568 Ordi-

277 1602 386 1634 nem
410 1587 619 1634 habere.

302 1674 308 1679 ·
356 1653 460 1715 Ορφζ
486 1656 564 1699 20·
617 1655 665 1701 S.
692 1653 978 1702 Ambrosius
1016 1654 1128 1702 Lib.
1153 1656 1213 1703 de
1240 1658 1497 1722 Dignitate
1527 1673 1689 1705 saeer-

277 1722 424 1770 dotali
462 1738 569 1787 cap.
610 1726 660 1770 5.
697 1732 746 1769 et
791 1722 918 1785 apud
962 1723 1186 1770 eumdem
1230 1725 1516 1772 Gratianum
1568 1727 1683 1773 ibid.

276 1807 381 1853 cap.
412 1794 486 1837 14.
523 1790 587 1838 ait
614 1790 908 1854 Episcopum
949 1790 1202 1839 fimoniace
1238 1808 1322 1839 seu
1365 1803 1564 1855 propter
1601 1811 1684 1841 au-

275 1875 381 1906 rum
409 1858 728 1915 ordinantem,
767 1858 957 1906 dedisse.
979 1858 1176 1922 lepram.
1251 1860 1400 1922 Ergo,
1434 1866 1522 1908 &c-

342 1928 404 1974 R.
449 1930 509 1972 1⁰·
547 1927 640 1974 hoc
668 1926 805 1990 Opus
830 1942 924 1973 non
951 1943 1056 1974 esse
1108 1927 1156 1974 S.
1185 1927 1445 1986 Ambrosii,
1482 1928 1569 1976 sed
1609 1927 1680 1974 in·

274 1995 394 2041 certi
434 1996 677 2042 Auctoris.
726 1997 790 2041 2⁰·
826 1994 957 2041 Dist.
997 1994 1249 2043 Ordinatio
1290 1995 1550 2044 simoniaca
1596 1997 1678 2044 dat

271 2063 469 2137 lepram
503 2062 551 2108 id
588 2073 680 2118 est,
718 2063 1047 2109 characterem
1089 2064 1136 2109 in
1168 2064 1444 2127 perniciem
1480 2065 1680 2128 suscipi-

274 2130 372 2177 enti
398 2146 524 2175 conc.
565 2129 613 2176 id
655 2141 745 2185 est,
783 2130 1042 2192 nequidem
1079 2131 1161 2179 dat
1204 2133 1533 2180 characterem
1577 2149 1677 2194 neq.

274 2198 544 2260 Responsio
558 2209 700 2261 patet
726 2213 788 2244 ex
816 2197 971 2244 verbis
995 2199 1183 2261 subseq
1179 2200 1416 2276 uenti-bus,
1453 2200 1532 2247 ubi
1558 2200 1676 2246 dici-

272 2275 350 2314 tur
374 2265 648 2313 ordinatum
681 2282 771 2327 per
802 2266 1058 2327 pecuniam
1081 2268 1382 2328 aequiswisse
1417 2266 1674 2313 indebitum

283 2335 524 2390 Ordinem,
549 2343 591 2380 et
613 2333 748 2395 apud
762 2332 923 2380 Deum
947 2333 1215 2394 perdidesse
1238 2335 1503 2381 interiorem
1527 2333 1671 2381 homi-

272 2420 390 2457 nem,
427 2417 614 2448 earnem
638 2402 904 2465 suscepisse,
939 2401 1216 2461 diqnitatem
1244 2409 1291 2446 et
1323 2402 1534 2447 animam
1559 2419 1674 2465 per-

270 2472 458 2517 didisse.

286 2557 291 2562 ·
347 2538 451 2600 Olqj.
491 2540 554 2583 3⁰·
592 2534 640 2583 S.
667 2536 774 2583 Leo
798 2536 927 2599 apud
955 2534 1172 2582 Gratian.
1196 2535 1311 2582 ibid.
1339 2552 1382 2583 c.
1413 2539 1456 2583 1.
1481 2536 1547 2584 ait
1587 2537 1668 2584 Sa·-

270 2608 505 2651 mowiaeos
551 2604 775 2651 Gratiam
819 2620 915 2651 mm
954 2603 1130 2661 habere,
1166 2619 1248 2649 nec·
1292 2605 1515 2667 cuiquam
1555 2606 1671 2652 dare

259 2687 413 2735 pos-56.

340 2741 400 2787 R.
438 2746 491 2783 ut
528 2747 682 2794 antea,
726 2742 785 2785 1⁰·
821 2739 925 2786 haec
966 2738 1111 2785 verba
1151 2739 1279 2802 apud
1321 2739 1537 2788 Leonem
1572 2755 1668 2788 non

266 2805 528 2880 reperiri...
498 2807 560 2851 ,⁶3⁰-
599 2807 723 2853 Haec
747 2805 1060 2868 intelligenda
1084 2821 1190 2853 esse
1215 2808 1275 2854 de
1299 2808 1467 2855 Gratia
1490 2808 1665 2856 sancti-

266 2866 462 2925 ficante‘,
499 2888 642 2935 quam
689 2889 856 2922 revera
903 2873 1160 2922 simoniaci
1214 2891 1306 2924 nec
1354 2876 1545 2924 habent
1571 2890 1664 2922 neo

266 2940 618 3006 impertiuntur.
655 2989 661 2992 .
1631 3004 1635 3008 ¹

1561 3007 1663 3071 οιῃι
