1846 3250
199 120 293 171 178
699 82 1126 168 TRACTATUS

248 255 314 304 R.
349 255 398 303 S.
423 252 779 315 Hieronymum
810 252 874 300 ibi
902 253 1094 318 quidem
1121 252 1183 303 de
1218 256 1321 304 sola
1353 257 1593 310 electione

190 321 485 371 mentionem
532 319 733 378 facere3
784 321 871 369 sed
919 338 1014 369 non
1062 323 1174 371 ideo
1227 324 1599 375 Ordinationem

185 389 424 443 excludit,
461 387 677 452 quamvis
712 387 842 436 illam
884 389 1057 438 sileat:
1093 408 1185 439 nec
1208 392 1430 455 profecto
1455 395 1594 459 igno·

183 458 320 504 rabat
357 457 408 504 id
447 455 577 519 quod
615 455 764 505 refert
791 457 1030 506 Eusebius
1070 458 1118 505 in
1158 461 1367 509 Cronico
1411 463 1473 510 ad
1508 480 1595 511 an*
1658 512 1660 514 ,

178 541 292 572 num
319 527 401 572 63.
436 524 665 572 videlicet
689 534 798 587 post
822 536 1024 574 mortem
1062 527 1223 574 Marci
1267 528 1587 594 Evangelistae

179 592 425 641 Anianum
450 592 748 656 Episcopum
790 593 1132 642 Alexandrinae
1171 595 1404 645 Ecclesiae
1442 597 1590 648 fuisse

176 660 465 708 ordinatum.
1049 700 1051 702 >
1402 718 1403 721 Ἴ

241 728 363 776 Inst.
388 731 469 777 50·
507 727 797 792 Eutychius,
838 728 918 792 qui
943 745 1054 777 saec.
1079 733 1130 779 9.
1158 730 1334 779 Sedem
1374 732 1594 781 Alexan·

181 795 366 847 drinam
406 796 683 861 occupavit,
719 795 767 842 in
811 798 1055 845 Chronico
1092 804 1178 846 s'eu
1203 799 1354 847 Libro
1392 801 1454 848 de
1482 801 1593 849 Ori-

177 864 544 928 gineEcclesiae
566 863 911 912 Alexandrinae
927 874 1152 930 expresse
1176 867 1344 915 asserit
1368 884 1396 915 a
1415 867 1588 918 Marco

178 931 496 993 Evanyelz'sta
536 933 780 1000 dundee-im
817 936 1092 981 constitutos
1137 951 1232 982 esse
1263 934 1588 998 Proesbysteros

175 1002 274 1063 qui,
293 1000 643 1050 patriarchatu
666 1005 875 1058 vacante,
900 1018 1132 1049 unumeae
1154 1019 1201 1050 se
1224 1005 1343 1066 ipsis
1365 1005 1588 1066 elz’yerent

176 1069 313 1130 eujus
335 1071 483 1132 capiti
501 1068 675 1132 reliqui
710 1070 923 1118 undecim
943 1086 1111 1117 manus
1134 1073 1436 1133 imponerent,
1460 1088 1589 1120 eum-

165 1143 267 1200 que
283 1136 600 1186 benedicerent
620 1146 664 1184 et
679 1136 1022 1186 Patr-{archam
1046 1146 1290 1186 crearents
1315 1139 1464 1202 Ergo,
1485 1140 1588 1188 sola.

180 1205 598 1269 Praesbyterorum
625 1204 802 1254 electio
834 1216 883 1253 et
907 1206 1186 1254 benedictio
1228 1207 1288 1255 ad
1326 1207 1589 1255 creandum

181 1274 480 1339 Episcopum
504 1272 822 1321 sufficiebant.
895 1273 1046 1336 Ergo,
1082 1278 1170 1321 ἃς.

248 1343 312 1392 R.
347 1340 527 1389 nullam
578 1340 724 1389 fidem
768 1356 873 1388 esse
921 1341 1286 1389 concedendam
1335 1340 1487 1390 Arabi
1523 1341 1592 1389 illi

170 1409 428 1475 Eutychio
452 1408 665 1472 antiquae
690 1407 956 1473 disciplinae
981 1425 1173 1473 prorsus
1199 1409 1380 1468 nescio,
1407 1408 1597 1474 quique

177 1478 309 1526 mille
355 1478 536 1525 insulsa
577 1486 625 1525 et
673 1476 881 1525 absurda
902 1477 1036 1541 „ipsis
1082 1477 1344 1526 infantibus
1384 1478 1588 1527 ridenda

172 1545 358 1604 scribit,
394 1558 445 1593 et
485 1543 534 1591 in
573 1544 628 1592 iis
668 1561 776 1608 quae
817 1556 979 1592 narrat
1016 1546 1076 1593 ab
1103 1545 1402 1593 Auctoribus
1437 1547 1582 1609 longe

135 1613 363 1677 ¹-maj0ris
410 1612 712 1661 auctoritatis
760 1612 997 1668 dissentit,
1046 1614 1115 1659 uti
1159 1615 1206 1661 in
1245 1614 1467 1662 confesso
1509 1624 1584 1661 est

173 1683 303 1746 apud
329 1681 576 1729 Eruditos.
645 1678 772 1730 Vide
806 1696 863 1727 ea
887 1697 990 1743 quae
1016 1680 1078 1728 de
1105 1680 1187 1728 illo
1214 1683 1431 1730 Auctore
1457 1682 1583 1730 dixi-

173 1767 296 1808 mus,
335 1750 417 1797 ubi
442 1748 503 1796 de
530 1746 757 1795 Ministro
785 1748 993 1795 Ordinis.
1490 1803 1492 1805 q

237 1817 358 1865 Inst.
385 1818 460 1866 6⁰·-
498 1814 665 1863 Verba
706 1815 994 1879 Hieronymi
1032 1815 1080 1862 in
1119 1815 1258 1863 variis
1282 1816 1379 1864 suis
1405 1815 1578 1879 Operi-

168 1887 259 1935 bus
285 1885 360 1934 vel
399 1901 462 1934 ex
488 1893 624 1947 parte
649 1884 725 1931 vel
767 1883 912 1930 etiarn
940 1899 1003 1931 ex
1040 1884 1228 1947 integro
1254 1885 1580 1932 transcribunt

170 1967 219 2003 et
245 1954 417 2002 eodem
443 1969 603 2009 sensu,
626 1968 721 2014 quo
749 1951 1031 1999 Blondellus
1054 1951 1174 2014 ipse,
1200 1952 1580 2016 interpretantur

172 2022 422 2079 Auxilius,
461 2020 719 2074 Alcuinus,
758 2019 1011 2076 Hervaeus,
1061 2020 1348 2079 Amalarius,
1388 2020 1581 2070 Gratia-

167 2108 275 2146 nus,
311 2090 495 2138 AEneas
532 2087 828 2135 Parisiensis.
897 2086 1048 2151 ErgO,
1086 2092 1173 2135 Sco.

235 2160 299 2207 R.
333 2157 440 2205 illos
465 2171 647 2212 omnes,
685 2155 723 2202 si
765 2154 881 2202 nihil
915 2156 977 2202 de
1014 2172 1102 2203 suo
1126 2154 1369 2217 adjiciant,
1406 2155 1579 2204 eodem

167 2226 314 2275 modo
337 2241 396 2274 ac
431 2224 588 2288 ipsum
613 2222 967 2287 Hieronymum
995 2240 1098 2270 esse
1125 2223 1452 2286 exponendos.
1527 2223 1578 2271 Si

166 2311 299 2349 vero,
336 2293 466 2358 quod
492 2307 587 2340 non
613 2290 916 2347 arbitramur,
952 2282 1134 2354 aliouid
1159 2292 1220 2338 de
1238 2307 1323 2338 suo
1348 2289 1578 2353 adjiciant

168 2363 300 2429 quod
323 2362 484 2410 divino
510 2359 863 2423 Episcoporum
880 2358 976 2420 juri
997 2359 1292 2415 adversetur,
1319 2357 1575 2406 deserendi

167 2442 294 2490 sunt,
321 2447 434 2479 cum
458 2438 597 2477 tanta
616 2443 713 2475 non
738 2427 797 2475 sit
821 2427 1010 2475 illorum
1040 2426 1337 2490 Scriptorum
1365 2425 1577 2474 auctori-

168 2512 241 2548 tas
265 2509 318 2547 ut
358 2498 446 2546 SS.
474 2496 673 2547 Patrum
698 2495 976 2544 auctoritati
1000 2493 1316 2558 praejudicare
1340 2495 1415 2543 vel
1442 2509 1580 2542 sanc-

168 2580 226 2617 tae
252 2564 491 2614 Ecclesiae
514 2564 661 2612 fidem
681 2563 977 2611 constituere
1002 2563 1168 2626 possit.
1197 2566 1200 2571 '

246 2634 488 2697 0bj.100·
524 2626 943 2696 Hieronymiaster
980 2646 1065 2678 seu
1105 2631 1298 2678 Auctor
1340 2629 1579 2695 Epistolae

169 2703 232 2752 ad
275 2700 531 2751 Rusticum
580 2699 643 2746 de
683 2709 868 2762 septem
916 2695 1143 2762 gradibus
1192 2698 1443 2757 Ecclesiae,
1480 2698 1581 2748 ait:

172 2770 451 2819 Proedicare
476 2766 800 2829 Proesbyteros·
848 2768 973 2814 decet
977 2801 1098 2815 ......
1105 2782 1368 2828 conyruum
1407 2767 1580 2832 corfir-

168 2844 546 2899 7114are..'....atque
568 2836 731 2882 omnia·
751 2834 851 2882 Dei
879 2833 1192 2881 Sacramenta
1215 2835 1440 2897 complere
1445 2871 1567 2886 ......

165 2917 217 2957 ιιι
237 2908 338 2955 sola
352 2911 551 2969 propter
572 2904 896 2952 auctoritatem
933 2918 1114 2949 summo
1141 2901 1390 2962 Sacerdoti
1405 2903 1576 2959 ,Cleri-

166 2979 327 3024 ebrum
360 2973 613 3021 Ordinatio
647 2978 692 3019 et
734 2971 982 3035 Virqimcm
1013 2972 1297 3020 consecratio
1330 2978 1565 3019 reservata

1398 3042 1408 3048 “
1514 3039 1578 3085 sit
