1846 3250
259 173 360 243 260
733 171 1164 224 TRACTATUS

266 303 378 354 endi
405 318 568 361 causa,
605 303 793 353 licitum
830 306 922 355 erit
946 304 1139 372 propria
1162 306 1456 356 auctoritate
1480 304 1700 367 resilire(

265 371 412 420 modo
473 382 636 419 tamen
668 373 864 422 nullum
908 376 1021 422 inde
1083 385 1316 440 sequatur
1379 376 1701 424 scandalum.-

266 438 457 487 Porro'
445 455 493 485 in
520 455 637 487 casu
661 440 722 488 de
749 457 846 503 quo
882 442 1139 505 loquimur,
1175 443 1315 491 adest
1351 442 1539 491 notoria
1565 443 1682 490 resi-

262 504 417 555 liendi
477 521 639 564 causa,
695 523 855 572 neque
903 526 966 557 ex
1012 511 1306 573 sponsalium
1366 509 1684 557 dissolutione

267 574 421 621 ullum
456 573 673 621 nascitur
697 576 996 635 scandalum,
1032 576 1273 641 siquidem
1300 591 1447 625 causa
1481 576 1686 625 dissolu·

265 639 412 689 tionis
438 650 511 688 est
535 641 748 705 publica.

336 709 399 756 R.
419 710 502 756 4007
540 707 590 757 Si
637 709 934 773 sponsalium
973 708 1390 758 dissolvendorum
1439 722 1587 759 causa
1621 711 1685 760 sit

271 774 435 832 dubia,
472 776 549 823 vel
573 773 761 824 incerta
786 787 888 824 tum
922 781 1034 838 jure
1078 787 1181 824 tum
1221 777 1375 832 facto,
1409 778 1451 825 si
1475 793 1598 826 unus
1623 794 1689 827 ex

267 842 459 906 sponsis
515 842 777 909 renitatur,
844 843 1107 908 requiritur
1165 844 1357 892 ,Iudicis
1403 844 1686 893 auctoritas.

267 908 420 958 Ratio
455 918 530 957 est
566 909 680 986 quia
720 910 882 958 nullus
907 911 1055 959 debet
1082 927 1188 960 esse
1223 912 1392 960 Judex
1417 910 1466 958 in
1492 912 1689 975 propria

269 991 433 1035 causa,
469 976 751 1041 neminique
775 977 928 1025 licet
917 994 965 1023 m
991 978 1140 1026 dubio
1172 978 1359 1043 privata
1396 978 1689 1027 auctoritate

267 1044 476 1092 alterum
501 1059 589 1092 suo
606 1048 718 1105 Jure
742 1045 968 1110 spoliare.

337 1111 400 1159 R.
426 1113 507 1160 50·
545 1110 707 1159 Solius
749 1121 823 1159 est
865 1110 1184 1160 ecclesiastici
1210 1110 1416 1169 Judicis,
1453 1128 1551 1159 non
1576 1111 1689 1161 laici

269 1177 513 1240 sponsalia
534 1177 826 1225 matrimonii
852 1177 1134 1226 dissolvere.
1175 1178 1321 1226 Ratio
1347 1188 1421 1227 est
1447 1179 1557 1240 quia
1583 1179 1688 1227 haec

269 1245 332 1292 ad
383 1241 752 1293 Sacramentum
800 1244 1104 1309 proindeque
1150 1246 1214 1294 ad
1251 1261 1352 1292 rem
1391 1246 1689 1309 spiritualem

267 1311 563 1359 referuntur.

340 1379 405 1426 R.
447 1380 528 1426 60·
576 1375 872 1441 sponsalium
920 1377 1287 1426 dissolutionem
1337 1377 1582 1442 pertinere
1629 1379 1692 1426 ad

269 1444 407 1492 illum
449 1444 678 1493 Judicem
728 1444 1118 1494 ecclesiasticum
1156 1446 1313 1493 solum
1357 1445 1439 1508 qui
1466 1444 1693 1506 jurisdic-

272 1513 457 1559 tionem
506 1512 654 1560 habet
700 1512 747 1558 in
796 1513 904 1576 foro
951 1523 1175 1561 externo.
1265 1513 1411 1561 Ratio
1459 1522 1532 1560 est
1582 1513 1693 1574 quia

272 1578 567 1642 sponsalium
592 1579 844 1626 dissolutio
878 1590 953 1627 est
987 1581 1190 1627 materia
1231 1579 1550 1636 contentiosa,
1588 1595 1694 1640 quae

276 1661 372 1691 non
413 1645 501 1693 nisi
544 1645 754 1709 scriptis,
792 1645 948 1705 factis,
992 1645 1278 1695 testimoniis
1317 1646 1536 1695 externis
1571 1646 1695 1708 diju-

277 1712 427 1761 dicari
462 1721 640 1776 potest.

732 1850 1142 1900 ARTICULUS
1179 1851 1247 1898 ΙΙ.

583 1984 666 2033 De
700 1985 980 2034 Bannorum
1018 1984 1383 2036 denuntiatione.

274 2111 281 2116 ⁴
351 2117 482 2174 Vox,
519 2117 757 2175 Bonnam,
793 2118 1074 2182 germanica
1099 2128 1189 2177 est,
1227 2124 1364 2181 quus
1385 2132 1521 2167 usum
1549 2119 1698 2166 Fran-

281 2185 326 2233 ci
352 2194 403 2232 et
428 2186 699 2232 Franconia
731 2185 921 2232 oriundi
959 2185 1072 2232 olim
1113 2186 1161 2232 in
1188 2187 1695 2240 Galliasvinvexerunt.

281 2252 361 2300 Eo
406 2250 601 2299 nomine
636 2251 925 2314 intelligitur
970 2252 1121 2299 futuri
1169 2252 1460 2299 matrimonii
1508 2253 1695 2314 procla-

282 2318 433 2367 matio
472 2333 636 2366 coram
671 2318 917 2381 frequenti
958 2319 1141 2381 populo
1175 2319 1308 2367 facta
1333 2319 1419 2366 vel
1454 2317 1695 2365 facienda.

284 2384 667 2450 Antiquissimus
702 2394 776 2433 est
812 2385 860 2431 in
888 2385 1113 2433 Ecclesia
1138 2384 1382 2433 hodiernae
1420 2385 1696 2448 promulga-

284 2452 429 2501 tionis
453 2452 589 2500 ritus.
660 2451 760 2500 Alii
797 2457 842 2501 9.
868 2452 1063 2509 saeculo,
1100 2452 1179 2499 alii
1203 2452 1386 2500 tardius
1411 2460 1522 2499 eum
1547 2450 1699 2498 incoe-

283 2520 413 2584 pisse
438 2519 624 2567 volunt.
694 2521 805 2574 Quo
843 2518 1045 2582 praecise
1082 2528 1304 2583 tempore
1342 2517 1599 2580 incoeperit
1629 2517 1698 2563 vi-

284 2587 431 2633 detur
471 2585 729 2634 incertum.
803 2587 883 2634 De
922 2585 1196 2633 matrimoni
1259 2586 1430 2636 bannis
1468 2585 1701 2632 nonnulla

287 2652 595 2701 discutienda
633 2647 851 2711 veniunt,
902 2669 1108 2717 quorum
1153 2654 1371 2718 cognitio
1419 2651 1700 2702 Pastoribus

287 2718 553 2769 animarum
572 2721 783 2770 maxime
807 2720 1079 2771 necessaria
1102 2729 1192 2769 est.

1623 2983 1702 3032 De
