1846 3250
1085 0 1104 5 ν
1117 0 1846 26 -π-’ν-Ἧ--ῄ--Μ

577 156 672 205 DE
712 156 1212 217 MATRIMONIO.
1537 157 1637 222 35-,5

198 306 288 351 usu
333 300 501 350 notum
546 300 636 336 est.
708 291 860 338 Porro
896 309 1083 350 summe
1131 290 1398 341 cavendum
1449 299 1523 338 est
1571 305 1634 338 ne

195 358 323 405 ultra
366 359 550 419 Gratiae
592 358 834 420 largitoris
882 359 1201 434 intentionem
1251 357 1427 419 indulti
1473 356 1633 405 verbis

197 441 478 487 expressam
509 426 820 478 exciuiiatur.

268 492 454 550 Quaeres
499 493 606 537 120·
643 508 720 547 an,
759 492 797 538 si
839 493 1187 552 contrahentes
1226 494 1322 541 sint
1364 509 1392 541 e
1404 491 1630 540 diversis

197 555 529 617 Dioecesibns,
582 570 786 622 uterque
835 560 1015 629 debeat
1057 578 1084 607 a
1132 561 1330 625 piopiio
1380 554 1630 625 Episcopo

196 624 509 688 dispensari?

263 694 324 740 R.
358 695 642 769 qffirmative
688 712 786 741 cum
812 695 1018 752 omnibus
1075 694 1340 760 Theologz‘s,
1391 695 1429 743 si
1466 695 1629 748 tamen

196 762 455 824 excepeiis
525 762 897 808 illustrissimum
958 762 1003 809 d’
1019 761 1275 826 Argentre,
1339 763 1624 810 Τ31131133111

194 826 511 894 Episcopum,
535 828 616 891 qui
642 828 689 873 in
712 816 864 876 Libro
887 829 963 876 cui
982 803 1167 889 titulus,
1229 829 1526 892 Explication
1548 829 1630 877 des

195 897 481 952 Sam-emens,
520 896 723 943 docuit
712 913 758 941 m
787 913 846 943 eo
886 913 1001 944 casu
1042 895 1453 959 dispensationem
1484 890 1636 966 Epis}

192 962 303 1025 'copi
341 962 438 1010 loci
477 964 557 1010 ubi
594 963 950 1010 matrimonium
990 963 1254 1040 perficitur
1291 978 1378 1026 pio
1415 969 1627 1037 utroque

193 1029 511 1079 contrahente
546 1021 786 1078 sufficere.
859 1030 999 1087 Idem
1033 1030 1141 1079 esse
1176 1030 1348 1078 asserit
1384 1047 1505 1095 pro
1507 1025 1630 1077 ban-

190 1111 362 1144 norum
400 1096 800 1160 proclamatione.
882 1098 1234 1162 Responsionis
1268 1107 1443 1146 nostrae
1502 1097 1629 1145 ratio

191 1173 265 1212 est
290 1160 400 1229 quia
428 1168 732 1232 unaquaeque
757 1180 884 1228 pam,
913 1182 977 1213 ex
997 1166 1274 1230 hypothesi,
1300 1165 1528 1214 inhabilis
1554 1167 1630 1213 es't

191 1230 272 1278 3(1
302 1228 705 1289 contrahendum.
776 1232 929 1280 Porro
988 1237 1284 1297 potestatem
1331 1250 1430 1281 non
1477 1232 1630 1289 habet

193 1289 468 1366 Episcopus
495 1316 579 1363 per
604 1298 1028 1363 'dispensationem
1042 1300 1246 1349 tollendi
1271 1288 1631 1358 inhabilitatem

192 1380 412 1428 personae
450 1383 559 1430 quae
600 1367 690 1414 sibi
732 1383 830 1413 non
871 1365 1142 1431 subjicitur,
1180 1385 1291 1426 cum
1330 1353 1631 1443 dispensatio

179 1431 251 1479 *sit
278 1442 418 1480 actus
431 1433 786 1495 jurisdictionis
798 1452 907 1498 quae
934 1436 981 1481 in
1005 1436 1133 1488 solos
1158 1423 1378 1488 subditos
1403 1433 1632 1494 exerceri

188 1510 370 1575 potest.
445 1501 663 1564 Insuper
701 1502 861 1549 solent
909 1503 1142 1577 Episcopi
1190 1502 1238 1549 in
1286 1503 1385 1551 suis
1421 1502 1626 1552 Litteris

191 1566 466 1629 exprimere
490 1585 543 1616 se
568 1569 849 1632 dispensare
886 1581 1126 1633 quatenus
1151 1570 1213 1628 ad
1250 1587 1302 1618 se
1327 1570 1458 1633 ipsos
1481 1576 1627 1632 spec-

194 1638 279 1689 tat,
321 1645 404 1681 aut
444 1635 480 1682 si
507 1636 626 1682 illud
673 1652 768 1682 non
795 1638 1115 1699 exprimatur,
1155 1653 1289 1684 mens
1339 1649 1508 1686 eorum
1558 1652 1625 1684 ex

180 1702 326 1763 praxi
365 1712 414 1749 et
452 1719 540 1749 usu
567 1713 850 1750 constanter
887 1705 1144 1752 observato
1180 1702 1297 1755 satis
1321 1698 1626 1776 intelligitur.

198 1770 332 1831 Ergo
372 1771 704 1834 unusquisque
740 1770 1015 1834 Episcopus
1051 1772 1207 1818 solum
1244 1788 1384 1821 suum
1423 1767 1627 1819 Dioece·

192 1852 359 1883 sanum
387 1836 652 1899 dispensat,
691 1854 783 1885 nec
831 1839 1035 1900 proinde
1084 1839 1207 1886 alter
1254 1837 1428 1885 habilis
1467 1837 1519 1885 fit
1562 1831 1627 1885 ad

192 1904 597 1951 contrahendum.
667 1904 825 1966 Igitur
850 1905 886 1951 si
917 1905 1056 1952 unius
1086 1915 1273 1952 tantum
1301 1905 1538 1968 Episcopi
1574 1904 1625 1951 in

190 1986 250 2016 eo
299 1986 415 2017 casu
452 1970 748 2034 dispensatio
786 1972 1105 2030 obtineretur,
1137 1971 1622 2048 ,matrimonium'fo-

193 2047 267 2082 iet
302 2037 541 2091 illicitum,
579 2038 674 2084 imo
724 2049 771 2087 et
808 2038 1088 2086 invalidum.
1162 2040 1309 2086 Hinc
1334 2055 1447 2086 usus
1486 2038 1626 2086 inva-

192 2104 317 2150 luit
306 2120 352 2149 in
384 2121 443 2151 eo
470 2121 585 2152 (3333
612 2096 1022 2168 dispensationem
1048 2108 1107 2153 ab
1135 2117 1344 2170 utioque
1357 2097 1620 2186 Episcopo

194 2171 487 2233 postulandi.

264 2237 623 2302 Excipiendum
658 2252 819 2287 tamen
863 2251 938 2287 est
969 2244 1044 2287 10·
1076 2240 1113 2288 si
1153 2241 1392 2303 ejusmodi
1427 2233 1623 2290 contra-

175 2305 407 2365 ,lientiutn
445 2306 568 2353 alter
604 2304 1016 2370 dispensationem
1066 2324 1093 2355 a
1132 2309 1180 2355 S
1229 2308 1470 2356 Pontifice
1496 2309 1623 2356 obti-

192 2372 368 2428 nuerit,
418 2372 531 2436 quia
590 2374 718 2434 valet
776 2375 823 2420 in
884 2376 1136 2438 utriusque
1187 2375 1430 2423 Dioecesis
1475 2377 1622 2446 Papae

192 2440 470 2487 auctoritas.
529 2442 605 2486 2⁰·
651 2441 699 2488 Si
739 2442 814 2488 vel
843 2444 906 2489 ex
936 2441 1076 2490 Sedis
1103 2442 1404 2518 Apostonlicae
1441 2442 1515 2489 vel
1555 2459 1620 2492 ex

194 2505 443 2568 utriusque
488 2506 718 2583 Episcopi
763 2507 962 2564 licentia
997 2510 1168 2557 saltem
1203 2508 1356 2561 tacita
1392 2526 1506 2557 3333
1549 2508 1621 2555 in-

176 2572 412 2633 soluerit,
450 2583 594 2636 prout
631 2574 676 2619 in
716 2575 860 2635 certis
898 2576 1210 2624 Dioecesibus
1250 2575 1401 2637 viget,
1440 2586 1493 2623 ut
1521 2593 1616 2631 uno

197 2637 440 2701 Episcopo
467 2646 697 2703 expiesse
725 2644 873 2688 suum
903 2633 1249 2691 Dioecesanum
1289 2637 1619 2718 dispensante,

192 2705 315 2752 alter
348 2722 557 2782 'quoque
605 2709 755 2771 tacite
805 2710 1071 2787 dispensari
1121 2713 1395 2765 censeatur.
1475 2709 1620 2759 Patet

187 2772 319 2818 enim
347 2772 392 2818 in
420 2789 477 2846 eo
504 2777 623 2847 ’(3333
659 2792 753 2822 non
781 2777 958 2840 nequiri
983 2793 1284 2853 expressam
1300 2774 1621 2850 dispensatio·

198 2856 331 2886 nem

262 2905 385 2955 Inde
410 2907 642 2982 sequitui,
678 2910 806 2982 quod
845 2910 883 2957 si
927 2910 1036 2969 d'uo
1069 2911 1359 2979 contrahere
1401 2909 1619 2962 volentes

818 2978 869 3024 Η
890 2978 921 3023 h
950 2976 1010 3024 3
1413 2977 1623 3058 divers?
