1846 3250
238 154 332 200 ωε
696 159 698 162 ’
737 112 1210 209 TRACTATUS
1260 165 1263 167 “

594 314 827 394 CAPUT
862 315 1281 399 SECUNDUM.

524 458 603 529 De
637 483 925 531 institutione
970 446 1284 535 Matrimonii.

303 617 611 668 QUAERITUR
651 620 726 663 1⁰·
761 628 920 665 utrum
961 618 1344 672 Matrimonium,
1380 629 1523 683 prout
1566 631 1640 668 est

237 683 444 730 officium
470 695 669 742 naturae,
708 686 874 733 Deum
913 687 1090 735 habeat
1115 698 1380 743 auctorem,
1417 698 1480 735 et‘
1503 688 1562 735 de
1587 705 1641 735 se

231 751 475 799 laudabile
517 752 577 799 sit
623 770 678 800 ac
719 753 1002 810 honestum;
1040 765 1198 801 utrum
1237 772 1352 802 vero
1378 755 1524 802 ducat
1549 756 1642 802 ori-

232 819 394 880 ginem
421 835 448 867 a
471 819 705 884 principio
732 822 873 878 malm
911 832 961 869 et
999 821 1060 869 de
1080 839 1131 869 se
1156 823 1461 875 inhonestum
1498 821 1558 869 sit
1581 839 1640 869 ac

231 887 470 943 illicitum,
545 899 597 936 ut
664 889 938 937 docuerunt
1003 890 1307 949 Encratistae,
1367 890 1642 946 Adamiani,

232 954 557 1013 Marcionitae,
596 956 875 1011 Manichaei,
912 961 1000 1004 eze.

299 1024 374 1068 ΞΩ·
414 1024 587 1071 Utrum
613 1024 831 1072 omnibus
848 1024 1172 1073 necessarium
1198 1025 1257 1074 sit
1277 1035 1325 1074 et
1350 1025 1637 1089 imperatum

230 1089 369 1151 Lege
393 1092 598 1139 naturali
624 1093 699 1139 vel
726 1093 900 1139 divina.

297 1159 372 1204 3⁰·
413 1159 586 1206 Utrum
613 1159 681 1207 ita
705 1161 846 1223 Lege
887 1159 1090 1210 naturali
1117 1162 1192 1209 vel
1220 1160 1378 1207 divina
1404 1160 1463 1208 sit
1488 1160 1640 1223 impe--

228 1234 404 1282 ratum,
440 1238 494 1274 ut
529 1227 774 1290 virginitas
815 1245 1059 1290 nunquam
1102 1228 1146 1275 ei
1186 1229 1247 1276 sit
1282 1227 1637 1291 anteponenda,

227 1303 374 1355 prout
400 1294 512 1340 olim
540 1295 705 1342 docuit
731 1295 1012 1343 Jovinianus
1043 1311 1186 1358 quem
1211 1296 1366 1344 secuti
1402 1306 1513 1343 sunt
1537 1295 1641 1342 Lu·

228 1360 417 1407 therani
444 1371 493 1409 et
521 1361 811 1410 calvinistae.
1232 1410 1235 1412 ,

295 1432 375 1474 4⁰·
414 1430 589 1477 Utrum
618 1431 983 1479 Sacramentum
1007 1430 1154 1479 fuerit
1178 1441 1290 1480 ante
1317 1431 1559 1479 Christum
1586 1438 1638 1477 et

226 1494 412 1558 Legem
451 1499 796 1561 evangelicam.

294 1566 376 1609 50·
415 1565 592 1613 Utrum
630 1566 678 1612 in
705 1568 841 1630 Lege
867 1567 1144 1630 evangelica
1182 1579 1231 1616 et
1255 1576 1363 1631 post
1390 1564 1633 1615 Christum

230 1630 527 1678 Sacramenti
553 1633 786 1682 rationem
813 1634 1018 1684 habeat.
1009 1637 1024 1669 >
1065 1636 1143 1683 De
1169 1636 1342 1699 quibus
1365 1635 1443 1684 sit.

662 1773 800 1821 PRO
810 1774 1103 1822 POSITIO.
1139 1776 1183 1823 Ι,

223 1905 579 1956 Μαίνὶητοηίανη
606 1911 759 1958 Deum
783 1910 917 1957 habet
953 1918 1199 1968 auctorem,
1240 1913 1443 1977 adeoque
1482 1920 1548 1960 est
1572 1912 1630 1959 de

622 1994 669 2025 se
690 1977 863 2026 licitum
895 1995 950 2026 ac
971 1978 1226 2028 honestum.

286 2110 640 2160 Prob.10·ex
678 2113 825 2161 veteri
864 2112 913 2159 T
906 2122 1169 2164 estamento
1241 2115 1367 2163 Gen.
1415 2117 1457 2161 1.
1493 2116 1627 2162 Deus

220 2178 466 2225 masculum
490 2188 535 2227 et
548 2182 803 2244 foeminam
825 2173 975 2252 crevit
981 2217 1080 2233 ......
1087 2183 1317 2232 benedixit
1338 2182 1446 2239 illis,
1473 2192 1521 2229 et
1538 2181 1632 2229 ait:
1632 2219 1634 2222 ,

222 2246 421 2294 Crescite
476 2256 520 2295 et
578 2228 957 2311 multiplicamini.
1051 2250 1238 2303 Quibus
1285 2250 1441 2297 verbis
1489 2260 1625 2311 patet

218 2311 584 2363 Matrimonium
606 2330 711 2363 esse
736 2332 764 2363 a
783 2317 894 2362 Deo
918 2316 1206 2364 institutum.
1273 2317 1408 2364 Idem
1435 2327 1625 2364 constat

216 2380 315 2428 sive
341 2398 401 2429 ex
430 2399 474 2430 c.
498 2386 543 2429 2.
564 2384 716 2445 eJusd.
757 2383 888 2431 Libri
933 2383 1012 2431 ubi
1036 2384 1106 2431 sic
1130 2384 1336 2447 legitur:
1373 2384 1624 2448 Relinquet

217 2447 350 2498 lzomo
382 2459 565 2515 partem
605 2469 735 2499 suum
776 2459 820 2499 et
867 2460 1071 2509 matrem,
1109 2459 1153 2499 et
1193 2452 1444 2499 adhoerebit
1486 2452 1624 2499 uceori

215 2532 349 2572 Μαάθ
386 2526 430 2566 et
454 2527 589 2566 erunt
628 2520 719 2567 duo
755 2519 803 2567 in
844 2537 983 2567 carne
1012 2537 1144 2575 una;
1183 2519 1283 2567 sive
1326 2536 1388 2566 ex
1416 2520 1623 2566 Denter.

218 2586 297 2641 25τ
335 2585 412 2630 ubi
453 2585 602 2633 frater
642 2596 888 2649 superstes
918 2588 1119 2649 Jubetur
1158 2589 1341 2635 nubere
1367 2586 1506 2635 uxori
1531 2586 1624 2634 fra·

214 2649 297 2697 tris
322 2651 424 2698 sine
448 2653 610 2701 liberis
636 2654 870 2701 defuncti.

282 2717 429 2767 Proh.
457 2723 502 2767 2.
538 2738 594 2768 ece
618 2738 733 2770 novo
765 2723 812 2770 T
808 2729 1069 2770 estamento.
1117 2721 1338 2770 Christus
1370 2722 1548 2790 Matt‘h5
1574 2725 1620 2770 9.

215 2787 261 2831 6.
305 2785 366 2833 de
408 2787 723 2835 Matrimonio
767 2789 972 2852 loquens
1012 2789 1111 2837 ait:
1153 2791 1293 2847 Quod
1335 2807 1443 2854 ergo
1488 2792 1623 2838 Deus

211 2854 461 2917 conjunxit,
498 2854 629 2904 homo
675 2874 767 2903 non
813 2864 1012 2919 separet.
1081 2857 1224 2905 Joan.
1274 2860 1319 2905 2.
1367 2857 1619 2920 praesentia

210 2934 296 2968 sua
321 2922 510 2985 nuptias
530 2923 731 2983 honorat
757 2933 805 2971 et
831 2923 1062 2972 miraculo
1087 2924 1313 2974 illustrat.
1366 2923 1616 2987 Numquid

1448 3003 1608 3038 autem
