1846 3250
597 156 693 205 DE
732 155 1025 224 oannis,
1174 220 1177 224 .
1426 160 1523 205 115

106 297 276 344 saltem
304 292 409 340 illos
435 290 635 356 opponit
660 291 762 339 aliis
789 293 869 357 qui
896 293 956 341 ab
994 291 1167 340 eodem
1193 292 1387 340 Bonoso
1413 304 1523 355 post

107 362 463 412 damnationem
536 362 810 408 consecrati
877 361 1087 416 fuerant,
1165 376 1223 408 ae
1250 393 1253 395 -
1282 360 1523 424 significat

108 429 396 494 posteriores
421 428 538 477 istos
575 444 673 475 non
715 445 821 477 esse
845 428 1153 492 recipiendos
1183 429 1363 492 absque
1399 445 1524 477 nova

106 497 442 547 Ordinatione.
1277 535 1281 537 μ

178 568 238 615 R.
294 563 646 629 oppositionem
673 563 948 612 Innocentii
981 563 1029 611 in
1056 581 1115 612 eo
1140 581 1235 612 non
1261 581 1367 613 esse
1393 565 1526 629 quod

107 635 290 700 priores
335 635 518 697 absque
554 649 678 679 nova
705 632 1041 680 Ordinatione
1050 644 1212 680 essent
1237 633 1524 697 recipiendi,
1546 664 1551 668 -

110 701 403 780 posteriores
449 717 564 749 vero
600 712 708 764 post
745 699 965 748 iteratam
1003 700 1403 756 Ordinationem;
1437 703 1526 748 sed

110 772 161 818 in
186 787 245 818 eo
271 769 510 817 duntaxat
535 768 667 832 quod
701 769 885 831 priores
924 785 1033 816 cum
1066 770 1164 816 suis
1201 769 1431 832 gradibus
1465 786 1525 818 ac

111 823 894 900 honoribusessentsuscipiendi,
932 837 1225 899 posteriores
1249 854 1363 894 vero
1389 838 1527 901 peni-

110 919 187 955 tus
213 906 506 954 excludendi
532 916 693 953 essent
717 906 776 953 ab
803 905 1065 953 honoribus
1090 916 1139 953 et
1175 906 1409 955 exercitio
1434 906 1524 956 mi:-

110 974 310 1026 nisterii‚
335 978 479 1035 Juxta
505 973 740 1021 Ecclesiae
766 974 1000 1021 Romanae
1041 974 1342 1038 disciplinam
1363 981 1521 1037 ‘quam

108 1043 262 1091 refert
295 1042 423 1099 idem
463 1041 692 1089 Pontifex
731 1042 937 1105 Epistol.
963 1044 1041 1089 22.
1070 1043 1228 1105 Igitur
1262 1043 1321 1090 de
1347 1058 1526 1090 conce-

111 1110 282 1159 dendis
317 1110 394 1157 vel
430 1109 664 1172 negandis
688 1110 948 1158 sacerdotii
989 1111 1253 1159 honoribus
1279 1121 1343 1158 -et
1381 1127 1525 1158 exer-

112 1180 228 1227 citio
266 1179 477 1242 loquitur
503 1179 835 1235 Innocentius,
873 1195 968 1226 non
1012 1191 1171 1227 autern
1207 1180 1269 1227 de
1294 1179 1526 1226 iterandis

113 1248 188 1295 vel
227 1262 321 1294 non
362 1246 591 1293 iterandis
620 1246 1019 1294 Ordinationibus
1062 1248 1123 1295 de
1150 1248 1324 1313 quibus
1362 1247 1428 1294 ibi
1465 1264 1528 1295 ne

111 1331 258 1363 unum
286 1313 476 1377 quidem
502 1315 702 1362 verbum
727 1315 890 1363 habet.
1516 1337 1519 1340 ·

183 1383 305 1429 Inst.
325 1383 398 1426 2⁰·
436 1379 571 1429 Idem
601 1382 829 1429 Pontifex
863 1382 1030 1446 Epista
1046 1385 1126 1429 22
1167 1355 1228 1431 ad
1255 1342 1529 1446 Episcopos

117 1450 443 1506 Macedoniae,
481 1449 547 1496 ait
590 1449 853 1497 Ordinatos
895 1453 955 1498 ab
984 1451 1241 1499 Haereticis
1271 1468 1364 1515 per
1394 1451 1531 1497 illam

117 1534 289 1565 manus
313 1518 653 1581 impositionem
675 1519 976 1566 vulneratum
999 1518 1166 1566 habere
1187 1527 1346 1583 caput.
1417 1519 1533 1566 Non

115 1587 316 1650 putabat
356 1586 503 1649 igitur
536 1585 599 1637 ,ab
635 1586 895 1634 Haereticis
932 1586 1261 1635 characterem
1297 1586 1530 1650 imprimi.

187 1655 350 1703 R.10·
402 1670 502 1714 περ.
549 1669 738 1715 εοηεεᾳ-
765 1654 860 1707 Qui
889 1654 1025 1703 ,enim
1070 1657 1198 1705 male
1245 1655 1535 1719 dispositum

119 1721 351 1787 baptizat,
392 1732 538 1785 caput
576 1725 678 1782 ejus
714 1722 912 1771 vulnere
937 1722 1172 1786 spirituali
1213 1724 1385 1780 afficit,
1413 1734 1463 1771 et
1488 1724 1534 1771 ei

114 1802 276 1838 tamen
321 1789 517 1839 Batismi
560 1790 894 1838 characterem
933 1791 1178 1854 imprimit.
1250 1792 1389 1839 Idem
1429 1791 1525 1839 dici

115 1868 278 1923 potest
301 1858 349 1904 in
381 1874 434 1905 re
458 1856 702 1921 praesenti.

188 1928 249 1974 R.
275 1928 355 1974 20·
373 1927 481 1972 (list.
502 1925 737 1972 Haeretici
762 1941 931 1972 manus
956 1924 1258 1988 imponentes
1285 1926 1537 1975 Ordinatis

120 1995 294 2040 vulnus
318 1993 560 2055 infligunt,
601 2008 684 2039 eos
709 1993 1001 2041 maculando
1027 1996 1327 2057 contagione
1345 1995 1536 2053 erroris,

125 2075 221 2124 quo
246 2060 503 2107 sacerdotii
529 2060 790 2107 honoribus
824 2072 872 2109 et
915 2062 1152 2110 exercitio
1183 2063 1307 2110 fiunt
1330 2063 1535 2128 indigni,

123 2145 249 2176 conc.
285 2128 334 2174 id
376 2138 472 2176 est
490 2127 608 2174 nihil
648 2144 854 2185 sacrum,
893 2130 1151 2192 nequidem
1201 2131 1536 2180 characterem

120 2197 194 2245 eis
220 2196 492 2253 conferunt,
529 2213 632 2259 neg.
670 2197 825 2245 Totus
849 2211 921 2246 est
945 2198 1261 2248 Innocentius
1286 2210 1339 2247 ut
1363 2200 1539 2263 probet

127 2281 210 2313 eos
253 2264 331 2326 qui
373 2281 478 2312 sese
514 2264 573 2312 ab
606 2264 861 2313 Haereticis
893 2267 1167 2315 consecrari
1204 2268 1542 2332 permiserant,

127 2349 223 2381 non
248 2348 354 2383 esse
380 2349 488 2380 cum
515 2332 611 2380 suis
636 2332 899 2381 honoribus
922 2335 1259 2398 τεείρίεηᾶοει
1293 2338 1427 2400 quia,
1469 2337 1541 2382 in-

128 2400 249 2466 quit,
285 2400 366 2447 ubi
388 2401 564 2448 vulnus
588 2400 793 2464 infixum
819 2411 896 2459 est,
900 2404 1133 2450 medicina
1167 2412 1238 2450 est
1257 2403 1541 2460 adhibenda«,

101 2469 175 2515 *id
203 2478 293 2521 est,
332 2468 511 2516 crimen
552 2468 813 2516 eluendum
856 2471 1154 2533 poenitentia,
1192 2488 1313 2534 quae
1330 2487 1440 2519 cum
1466 2489 1543 2520 sa·-

128 2535 332 2583 cerdotii
367 2534 641 2584 honoribus
689 2537 801 2585 loco
847 2538 1027 2586 habere
1073 2555 1170 2585 non
1217 2549 1395 2603 potest.
1464 2539 1544 2587 Ibi

131 2602 443 2666 quaestionem
461 2619 567 2652 esse
586 2604 647 2651 de
662 2605 998 2669 praerogativis
1022 2606 1296 2655 sacerdotio
1320 2608 1544 2664 annexis,

129 2686 228 2717 non
253 2669 314 2717 de
339 2670 640 2726 charactere,
679 2673 834 2737 liquet
859 2690 920 2721 ex
953 2673 1009 2721 iis
1046 2674 1249 2722 ibidem
1268 2675 1545 2724 Innocentii

125 2737 318 2785 verbis:
359 2739 454 2793 Qui
475 2734 697 2787 honorem
716 2743 895 2796 amisit,
929 2740 1149 2790 honorem
1172 2744 1289 2790 dare
1334 2760 1431 2791 non
1455 2761 1547 2806 po-

133 2813 230 2860 test,
266 2806 388 2866 quia
406 2807 459 2852 in
481 2807 622 2854 dante
644 2808 770 2858 nihil
784 2817 888 2857 erat.
903 2811 1032 2873 quod
1051 2811 1140 2862 zlle
1145 2813 1304 2874 possit
1323 2813 1548 2873 accipere.
1568 2845 1569 2848 ¹

127 2912 133 2920 ‚
202 2871 325 2918 Just.
348 2874 447 2920 3⁰
467 2872 781 2925 Innocentius
821 2877 1010 2926 ibidem
1030 2878 1243 2927 affi-unat
1285 2878 1548 2927 Ordinatos

131 2941 191 2989 ab
221 2939 480 2991 Haereticis
504 2940 927 3010 nihikaccepisse,
954 2936 1133 3011 Ergc‘»,
1171 2950 1258 2995 &c
1450 2960 1453 2965 ·

774 3036 776 3038 >
802 3012 858 3060 L*
874 3016 904 3061 3
1323 2987 1326 2990 ἢ
1440 3013 1557 3064 dis-82
