1846 3250
282 157 379 235 1-112
785 130 1203 213 TRACTATUS

893 270 910 293 1

279 293 377 342 suis
402 296 631 359 gradibus
657 295 1032 362 recipiebantur,
1071 298 1371 348 communius
1394 298 1543 350 fuisse
1568 301 1693 351 viros

256 362 338 413 ab
363 366 466 413 aliis
493 365 749 413 Haereticis
773 366 979 415 infectos
1015 378 1065 415 et
1090 367 1353 426 ordinatos,
1388 370 1540 418 rarius
1573 386 1689 418 vero

276 450 360 481 eos
385 433 467 497 qui
491 433 539 480 in
565 433 789 482 Ecclesia
812 435 1053 483 catholica
1078 437 1283 484 ordinati
1308 448 1486 496 essent,
1520 439 1688 501 quales

270 503 521 559 Donatus,
554 502 826 579 Nestorius,
877 504 1145 568 Eutyches,
1183 505 1473 568 quibuscum
1519 507 1686 554 durius

271 572 524 634 agebatur,
546 570 759 637 quique
753 571 831 618 vix
856 587 967 620 cum
987 573 1084 620 suis
1106 573 1405 647 Ordinibus
1394 590 1441 619 m
1462 573 1686 623 Ecclesia

268 639 645 701 recipiebantur.
1337 670 1340 672 -
1418 677 1421 681 .

339 709 406 754 2⁰·
443 707 623 755 Saltem
649 706 815 769 negari
851 724 946 754 non
983 718 1144 772 potest
1177 709 1291 771 quin
1326 712 1574 774 perplures
1617 726 1680 757 ex

265 775 366 822 illis
387 774 655 823 Haereticis-
687 774 769 838 qui
808 791 940 823 curnr
967 776 1065 825 suis
1103 777 1331 841 gradibus
1372 779 1420 825 in
1459 778 1684 827 Ecclesia

267 844 370 892 sine
394 859 520 891 nova
544 842 864 891 Ordinatione
901 845 1088 908 recepti
1125 845 1339 902 fuerunt,
1376 846 1422 893 in
1456 847 1560 910 ipsa
1584 847 1681 894 hae-

263 911 360 960 resi
385 920 434 960 et
459 912 519 959 ab
543 910 801 959 Haereticis
818 911 1027 961 ordinati
1049 913 1245 961 fuerint.
1317 914 1462 963 Tales·
1484 915 1683 963 fuerunt

264 979 557 1038 Donatistae,
594 979 655 1026 de
681 979 855 1045 quibus
879 980 1094 1043 loquitur
1129 981 1177 1028 S.
1197 982 1518 1044 Augustinus,
1557 983 1682 1030 Nes·
1719 1033 1723 1036 ,

261 1048 437 1096 t'o'riani
462 1047 523 1096 de
549 1048 722 1112 quibus
749 1048 902 1111 Greg.
926 1049 1099 1112 Magn,
1171 1051 1294 1098 Cum
1321 1050 1446 1097 enim
1473 1051 1677 1098 multum

259 1116 293 1163 ii
323 1117 491 1164 Patres
517 1118 615 1180 Jam
649 1117 708 1163 ab
745 1115 881 1164 initio
915 1117 1104 1164 illarum
1130 1117 1381 1165 haereseon
1424 1119 1675 1177 distarent,

261 1193 359 1232 non
384 1193 648 1248 potuerunt
673 1200 756 1232 eos
774 1184 901 1247 ipsos
927 1201 1039 1232 cum
1064 1186 1160 1232 suis
1185 1180 1413 1249 gradibus
1438 1186 1678 1250 recipere,

261 1252 345 1315 qui
370 1269 399 1300 a
421 1268 536 1300 vera
560 1252 678 1299 Fide
704 1251 788 1300 ad·
801 1252 1019 1301 haeresim
1058 1253 1389 1310 deviaverunt,
1427 1264 1503 1302 et
1517 1270 1545 1302 a
1583 1256 1675 1304 Ca·-

260 1320 455 1368 tholicis
494 1320 701 1367 ordinati
740 1319 962 1377 fuerant;
997 1320 1161 1395 igitur,
1197 1332 1431 1385 quantum
1473 1319 1535 1370 ad
1571 1338 1673 1383 eos,

259 1399 356 1437 stat
382 1398 484 1435 tota
509 1388 578 1435 vis
603 1388 890 1452 argumenti.
1114 1412 1118 1417 ·

275 1473 283 1481 ⁷
328 1461 409 1504 30·
437 1456 488 1504 Si
514 1456 813 1515 Ordinatus
802 1473 850 1503 m
877 1456 1099 1505 Ecclesia
1135 1456 1378 1506 catholica
1420 1458 1672 1506 characte-
1684 1458 1690 1464 '

257 1542 361 1572 rem
387 1541 483 1571 non
523 1525 803 1579 amittiuset
830 1524 971 1572 Fides
1008 1525 1180 1583 docet,
1210 1525 1489 1589 fateturque
1514 1526 1671 1574 Mori-

256 1609 364 1648 nos,
401 1608 494 1639 nec
536 1592 781 1653 etiamjus
819 1609 904 1640 seu
929 1603 1219 1655 potestatem
1261 1593 1395 1641 illum
1423 1593 1671 1653 characte-

255 1676 357 1709 rem
396 1659 500 1708 aliis
538 1660 926 1707 communicandi
952 1660 1143 1708 videtur
1166 1661 1405 1719 amittere,
1445 1678 1557 1709 cum
1582 1670 1669 1726 poss-

254 1739 404 1777 testas
445 1728 526 1776 illa
566 1727 851 1790 charactere
886 1727 1132 1785 fundetur,
1161 1733 1306 1789 juxta
1356 1729 1404 1776 S.
1433 1730 1670 1793 Augusti-

254 1813 369 1844 ·num
392 1795 477 1843 lib.
510 1798 555 1842 2.
582 1805 752 1842 contra
773 1796 997 1853 Parmen,
1035 1812 1125 1859 cap
1156 1798 1233 1843 13.
1269 1796 1427 1843 Nulla
1465 1799 1668 1844 ostendi-

252 1875 333 1912 tur
368 1880 530 1921 causa,
572 1863 742 1927 inquit,
777 1881 865 1910 eur
910 1863 988 1910 ille
1032 1866 1118 1927 qui
1163 1866 1319 1926 ipsum
1353 1864 1664 1927 Baptismum

253 1934 465 1984 amittere
487 1948 584 1979 non
597 1940 767 1994 potest,
778 1932 871 1995 jus
892 1932 1045 1978 dandi
1060 1939 1213 1995 potest
1234 1933 1458 1978 amittere.

322 2000 410 2047 Ad
430 2004 476 2048 2.
520 1999 748 2047 Profecto
789 2000 827 2047 si
854 1999 1078 2047 Ecclesia
1121 1995 1342 2048 Canones
1387 1999 1664 2048 Ordinatio-

251 2080 368 2116 num
416 2084 445 2114 a
491 2068 776 2131 quibusdam
814 2067 1071 2115 Haereticis
1108 2068 1345 2115 factarum
1381 2067 1665 2117 irritatorios

252 2135 567 2192 condidisset,
605 2151 663 2183 ac
698 2135 895 2183 eosdem
925 2136 1146 2183 Canones
1183 2135 1286 2182 aliis
1312 2136 1500 2198 legibus
1524 2153 1662 2184 revo-

250 2213 427 2253 casset.
463 2203 682 2266 quaedam
725 2202 959 2264 ejusmodi
1000 2203 1320 2251 revocationis
1367 2204 1568 2266 vestigia
1613 2205 1663 2250 in

253 2270 457 2336 Scriptis
502 2271 589 2318 SS.
632 2272 847 2328 Patrum,
881 2273 1168 2320 ·Auctorum
1205 2270 1659 2328 ecclesiasticorum,

247 2341 326 2389 vel
370 2338 698 2388 Conciliorum
741 2338 862 2386 actis
903 2336 1226 2402 superessent.
1295 2337 1448 2399 Atqui
1495 2349 1658 2387 tamen

247 2408 381 2457 nulla
405 2417 601 2455 exstant
637 2407 871 2468 eJusmodi
908 2405 1124 2469 vestigia,
1162 2421 1253 2452 nec
1276 2405 1412 2467 leges
1446 2406 1560 2453 istas
1585 2423 1659 2454 as-

245 2478 437 2539 signare
477 2474 634 2538 potuit
660 2474 899 2531 Morinos,
931 2474 1014 2520 -in
1042 2473 1211 2535 quibus
1251 2472 1548 2522 decl-aratum
1592 2476 1652 2523 sit

245 2545 392 2591 talem
417 2554 602 2592 sectam
627 2543 709 2590 tali
732 2543 911 2590 saeculo
938 2541 1146 2589 Ordines
1171 2540 1329 2589 valide
1354 2558 1460 2590 esse
1484 2558 1653 2607 recep—

244 2611 419 2664 turam,
455 2610 634 2658 saeculo
658 2620 819 2658 autern
845 2611 1210 2672 alteroprorsus
1233 2609 1459 2658 invalide.

273 2694 282 2704 ·
319 2678 425 2740 obj.
450 2681 530 2724 20·
568 2679 736 2726 Canon
773 2677 898 2725 in‘ter
932 2676 1222 2740 apostolicos
1252 2680 1331 2724 68.
1365 2678 1436 2725 sic
1473 2678 1652 2727 habet:

253 2747 362 2814 Qut
368 2744 428 2791 ab
446 2744 698 2791 Hoereticis
714 2745 945 2808 baptizata
966 2753 1010 2791 et
1024 2745 1235 2791 ordinati
1251 2744 1359 2801 sint,
1386 2753 1448 2796 zet
1463 2746 1654 2793 Fideles

241 2823 301 2863 et
314 2813 490 2861 Clerici
511 2813 611 2859 sint
630 2812 755 2875 fleri
777 2828 873 2859 non
902 2820 1068 2882 potest.
1106 2812 1239 2877 Ergo
1279 2813 1412 2862 nulla
1435 2824 1508 2862 est
1533 2814 1647 2861 Hae-

240 2882 503 2933 reiicorum
529 2878 799 2927 Ordinatio.

273 2948 745 3000 R.1⁰.Can0nes
770 2947 876 2997 illos
901 2947 1158 3013 genuinam
1187 2965 1281 2999 non
1307 2964 1413 2999 esse
1431 2951 1471 2997 A
1481 2957 1644 3062 posto

1509 3031 1643 3064 orum
