1846 3250
547 164 644 213 DE
680 160 1179 213 wiA‘rmMon.
1362 204 1367 208 ,
1492 165 1595 238 309

174 300 420 365 cognatio,
456 298 547 346 sed
568 300 691 347 ,Jure
732 315 875 357 novo,
912 297 1100 348 scilicet
1139 293 1362 347 Decreto
1388 295 1605 347 Concilii-
1664 288 1688 311 '⁸'

178 370 333 419 Trid.·
351 380 468 416 sess.
510 370 592 417 24.
626 367 688 414 de
715 366 937 416 Reform.
979 368 1027 415 2.
1064 366 1294 430 cognatio
1336 363 1600 429 spiritualis

176 436 424 486 inducitur
448 444 636 482 tantum
663 450 721 481 ac
759 434 1118 482 matrimonium
1146 433 1329 482 dirimit
1358 436 1436 480 10·
1472 432 1601 481 inter

178 515 490 568 susceptores
516 511 580 550 et
600 495 922 564 baptizatum,
959 502 1183 564 illiusque
1209 512 1397 566 patrem
1425 510 1474 550 et
1501 516 1604 548 ma·

178 583 319 621 trem.
391 573 438 618 2.
473 570 610 618 Inter
658 568 990 633 baptizantem
1018 580 1068 617 et
1091 570 1412 635 baptizatum,
1454 567 1605 617 illius-

170 656 273 705 que
298 646 485 703 patrem
513 648 563 686 et
599 646 819 685 matrem.
1597 672 1600 676 ,

230 707 317 756 Ut
346 716 509 755 autem
534 716 844 768 susceptores
868 720 955 752 seu
975 703 1152 769 patrini
1177 713 1228 752 et
1246 703 1465 752 matrinae
1490 718 1605 752 cum

180 774 456 839 baptizatis
465 783 515 822 et
541 789 708 822 eorum
734 773 1016 838 parentibus
1046 772 1450 836 impedimentum
1488 787 1607 820 con·-

185 844 381 892 trahant
424 841 685 905 requiritur
714 843 786 888 1⁰.
824 850 877 889 ut
920 841 1016 888 sint
1051 840 1304 903 baptizati,
1343 840 1457 903 quia
1487 840 1607 888 alio·

184 910 303 976 quin
339 909 559 974 Legibus
597 908 836 957 Ecclesiae
877 924 973 955 non
1010 907 1355 1022 subjiciuntuor.
1423 906 1610 972 Requi-

182 980 307 1027 ritur
340 979 422 1023 20·
459 986 521 1025 ut
549 976 748 1025 rationis
783 993 936 1024 usum
958 977 1189 1024 habeant.
1332 974 1496 1023 ‘Non
1533 990 1609 1022 re·

184 1045 389 1109 quiritur
414 1045 637 1092 absolute
663 1055 717 1092 ut
740 1044 1042 1107 baptizatum
1068 1052 1290 1107 tangant,
1316 1042 1404 1091 sed
1430 1041 1610 1090 sufficit

185 1122 240 1162 ut
263 1111 481 1161 fuerint
470 1128 517 1159 m
544 1112 759 1176 patrinos
796 1110 1035 1175 designati
1078 1111 1156 1159 vel
1199 1127 1226 1159 a
1253 1111 1347 1158 Pai
1351 1110 1506 1166 ocho
1532 1110 1612 1158 vel

189 1198 217 1229 a
241 1181 539 1244 parentibus,
576 1181 652 1228 vel
678 1196 707 1227 a
729 1179 1026 1256 baptizando
1051 1180 1090 1227 si
1131 1179 1192 1226 sit
1217 1179 1430 1238 adultus,
1470 1177 1615 1227 illud-

186 1263 284 1312 que
312 1263 485 1295 munus
510 1248 877 1312 acceptaverint
906 1263 963 1295 ac
989 1256 1334 1295 exercuerunt.

258 1317 384 1363 Haec
410 1331 606 1379 quoque
632 1315 841 1363 dicenda
866 1325 977 1363 sunt
1004 1315 1065 1362 de
1092 1315 1293 1379 patrinis
1317 1325 1368 1361 et
1394 1312 1611 1361 matrinis

184 1384 234 1430 in
264 1384 582 1432 Sacramento
620 1383 1032 1440 confirmationis,
1068 1382 1152 1430 ubi
1187 1381 1407 1430 adbiberi
1433 1382 1609 1468 solent,

190 1451 322 1515 quod
346 1466 477 1498 nunc
501 1450 741 1499 rarissime
767 1451 839 1498 fit.
1598 1483 1601 1489 «

255 1518 488 1572 Quamvis
544 1527 709 1566 autem
768 1533 833 1565 ex
881 1517 1054 1580 regula
1111 1516 1329 1580 generali
1378 1515 1611 1581 cognatio

181 1585 443 1650 spiritualis
493 1585 622 1633 inter
662 1585 993 1649 baptizantem
1038 1594 1088 1632 et
1136 1585 1457 1648 baptizatum,
1493 1599 1607 1632 -nec

185 1670 284 1700 non
341 1653 469 1702 inter
525 1661 836 1716 susceptores
896 1662 946 1700 et
992 1662 1273 1716 susceptum
1332 1650 1613 1709 inducatur,

188 1722 434 1768 nonnullae
497 1730 679 1768 tamen·
726 1719 1044 1768 admittendae
1102 1730 1216 1768 sunt
1274 1719 1615 1783 exceptiones.

189 1788 338 1837 Hanc
374 1787 501 1836 enim
527 1787 870 1851 cognationem
907 1804 1004 1835 non
1039 1788 1335 1846 contrahunt
1376 1787 1438 1833 1⁰·
1472 1798 1615 1850 pater

188 1868 273 1904 aut
299 1866 452 1904 mater
477 1856 557 1920 qui
589 1856 777 1918 prolem
824 1856 1076 1922 legitimam
1117 1855 1370 1918 baptizant
1410 1855 1461 1903 in
1496 1855 1617 1903 arti·-

188 1924 287 1972 culo
312 1924 488 1981 mortzS,
525 1924 711 1999 quando
736 1922 858 1971 alius
882 1940 973 1970 non
1009 1924 1243 1998 reperitur
1274 1922 1356 1988 qui
1397 1922 1617 1984 baptizet.

192 1990 519 2054 Excipiuntur
555 1990 682 2037 enim
722 2006 751 2037 a
774 1991 895 2038 Jure
934 1991 1171 2039 canonico
1205 1988 1290 2037 lib.
1324 1993 1371 2036 4«.
1410 1990 1617 2037 Decret-

192 2058 267 2105 tit.
299 2058 376 2105 11.
403 2058 464 2105 de
491 2059 700 2120 Cognat.
740 2057 892 2120 spirit.
930 2073 1037 2121 cap.
1111 2058 1275 2106 Sivir.
1346 2056 1494 2106 Unde
1519 2073 1616 2104 non

192 2124 523 2188 impediuntur
558 2141 585 2172 a
610 2125 847 2188 petitione
890 2124 1040 2172 debiti
1079 2125 1127 2172 in
1154 2125 1477 2172 matrimonio.
1546 2126 1619 2173 At

192 2193 270 2241 alii
309 2193 388 2255 qui
424 2193 568 2241 etiam
605 2193 653 2240 in
695 2209 812 2240 casu
854 2193 1159 2241 necessitatis
1194 2193 1462 2257 baptizant,
1500 2208 1621 2255 cog-

196 2260 442 2308 nationem
516 2260 815 2324 spiritualem
878 2261 1202 2317 contrahunt3
1262 2261 1374 2323 quia
1444 2260 1619 2308 nullibi

196 2324 522 2391 excipiuntur.
592 2328 712 2375 Dixi
737 2338 900 2375 autem
930 2337 1076 2391 pater
1110 2336 1157 2376 et
1191 2338 1342 2377 mater
1365 2328 1446 2393 qui
1469 2328 1621 2395 bapti

182 2404 309 2444 ¹zant
349 2394 523 2460 prolem
561 2394 829 2459 legitimam.
910 2396 1033 2451 Quia
1063 2396 1101 2443 si
1144 2407 1284 2459 pater
1322 2397 1510 2459 prolem
1553 2411 1617 2443 ex

199 2463 473 2511 concubina
512 2472 791 2527 susceptam
832 2462 878 2508 in
906 2479 1022 2509 casu
1048 2463 1355 2511 necessitatis
1381 2463 1619 2526 baptizet,

198 2529 539 2593 cognationem
583 2546 694 2578 cum
734 2530 815 2577 illa
855 2530 1099 2579 contrahit
1137 2547 1231 2579 nec
1279 2548 1386 2579 eam
1434 2531 1620 2580 ducere

198 2608 376 2661 potest.
417 2623 421 2626 ·
1414 2623 1417 2625 ·

190 2695 203 2702 ⁷-
275 2667 340 2711 2⁰
394 2663 717 2728 Excipiuntur
777 2680 974 2728 quoque
1022 2681 1050 2713 a
1108 2665 1406 2744 praecedenti
1454 2632 1628 2730 regula

200 2731 415 2796 generali
458 2743 598 2794 pater
638 2732 715 2779 vel
754 2742 910 2780 mater
952 2733 1032 2796 qui
1074 2751 1134 2782 ex
1182 2734 1458 2809 ignorantia
1502 2733 1622 2781 facti

198 2799 461 2847 invincibili
500 2799 766 2862 legitimam
802 2801 988 2864 prolem
1028 2801 1076 2848 in
1119 2793 1370 2867 Baptismo
1405 2802 1625 2865 suscipe-

203 2877 327 2915 rent.

273 2940 321 2984 3⁰
324 2970 335 2982 .
373 2932 470 2988 Qui
496 2949 669 2982 munus
692 2934 867 3000 patrini
904 2945 1161 2994 exercent,
1198 2935 1313 2986 dum
1335 2934 1626 3012 supplentur

397 3032 403 3035 -
1323 3018 1623 3052 caeremomae
