<?xml version="1.0" encoding="UTF-8"?>
<!DOCTYPE html PUBLIC "-//W3C//DTD XHTML 1.0 Transitional//EN"
    "http://www.w3.org/TR/xhtml1/DTD/xhtml1-transitional.dtd">
<html xmlns="http://www.w3.org/1999/xhtml" xml:lang="en" lang="en">
 <head>
  <title>
</title>
<meta http-equiv="Content-Type" content="text/html;charset=utf-8" />
  <meta name='ocr-system' content='tesseract 3.04.00' />
  <meta name='ocr-capabilities' content='ocr_page ocr_carea ocr_par ocr_line ocrx_word'/>
</head>
<body>
  <div class='ocr_page' id='page_1' title='image "./theologica00bailuoft_0253.png"; bbox 0 0 1846 3250; ppageno 0'>
   <div class='ocr_carea' id='block_1_1' title="bbox 577 142 1615 200">
    <p class='ocr_par' dir='ltr' id='par_1_1' title="bbox 577 142 1615 200">
     <span class='ocr_line' id='line_1_1' title="bbox 577 142 1615 200; baseline 0.001 -1"><span class='ocrx_word' id='word_1_1' title='bbox 577 146 673 199; x_wconf 82' lang='lat' dir='ltr'>DE</span> <span class='ocrx_word' id='word_1_2' title='bbox 711 142 1217 199; x_wconf 71' lang='lat' dir='ltr'>MATRIMONIO.</span> <span class='ocrx_word' id='word_1_3' title='bbox 1510 147 1615 200; x_wconf 74' lang='lat'>249</span> 
     </span>
    </p>
   </div>
   <div class='ocr_carea' id='block_1_2' title="bbox 189 269 1618 866">
    <p class='ocr_par' dir='ltr' id='par_1_2' title="bbox 189 269 1613 477">
     <span class='ocr_line' id='line_1_2' title="bbox 189 269 1613 337; baseline -0.007 -11"><span class='ocrx_word' id='word_1_4' title='bbox 189 278 353 326; x_wconf 85' lang='lat' dir='ltr'>datam</span> <span class='ocrx_word' id='word_1_5' title='bbox 378 290 586 325; x_wconf 82' lang='lat' dir='ltr'>servare.</span> <span class='ocrx_word' id='word_1_6' title='bbox 659 272 805 322; x_wconf 85' lang='lat' dir='ltr'>Ratio</span> <span class='ocrx_word' id='word_1_7' title='bbox 843 284 917 322; x_wconf 90' lang='lat' dir='ltr'>est</span> <span class='ocrx_word' id='word_1_8' title='bbox 943 273 1070 337; x_wconf 88' lang='lat' dir='ltr'>quia,</span> <span class='ocrx_word' id='word_1_9' title='bbox 1108 290 1172 322; x_wconf 89' lang='lat' dir='ltr'>ex</span> <span class='ocrx_word' id='word_1_10' title='bbox 1197 273 1336 329; x_wconf 87' lang='lat' dir='ltr'>Jure,</span> <span class='ocrx_word' id='word_1_11' title='bbox 1372 269 1475 318; x_wconf 89' lang='lat' dir='ltr'>sola</span> <span class='ocrx_word' id='word_1_12' title='bbox 1498 284 1613 333; x_wconf 87' lang='lat' dir='ltr'>pro·</span> 
     </span>
     <span class='ocr_line' id='line_1_3' title="bbox 189 335 1609 406; baseline -0.007 -14"><span class='ocrx_word' id='word_1_13' title='bbox 189 345 353 402; x_wconf 81' lang='lat' dir='ltr'>fessio,</span> <span class='ocrx_word' id='word_1_14' title='bbox 390 360 486 391; x_wconf 92' lang='lat' dir='ltr'>non</span> <span class='ocrx_word' id='word_1_15' title='bbox 510 343 755 405; x_wconf 87' lang='lat' dir='ltr'>ingressus</span> <span class='ocrx_word' id='word_1_16' title='bbox 781 341 1053 405; x_wconf 86' lang='lat' dir='ltr'>Religionis</span> <span class='ocrx_word' id='word_1_17' title='bbox 1088 339 1332 406; x_wconf 85' lang='lat' dir='ltr'>sponsalia</span> <span class='ocrx_word' id='word_1_18' title='bbox 1369 355 1434 387; x_wconf 84' lang='lat' dir='ltr'>ex</span> <span class='ocrx_word' id='word_1_19' title='bbox 1476 335 1609 385; x_wconf 88' lang='lat' dir='ltr'>omni</span> 
     </span>
     <span class='ocr_line' id='line_1_4' title="bbox 193 411 554 477; baseline -0.011 -17"><span class='ocrx_word' id='word_1_20' title='bbox 193 421 333 477; x_wconf 83' lang='lat' dir='ltr'>parte</span> <span class='ocrx_word' id='word_1_21' title='bbox 358 411 554 458; x_wconf 88' lang='lat' dir='ltr'>dirimit.</span> 
     </span>
    </p>

    <p class='ocr_par' dir='ltr' id='par_1_3' title="bbox 193 473 1618 866">
     <span class='ocr_line' id='line_1_5' title="bbox 263 473 1609 538; baseline -0.005 -12"><span class='ocrx_word' id='word_1_22' title='bbox 263 480 504 527; x_wconf 87' lang='lat' dir='ltr'>Caeterum</span> <span class='ocrx_word' id='word_1_23' title='bbox 546 476 664 524; x_wconf 89' lang='lat' dir='ltr'>licet</span> <span class='ocrx_word' id='word_1_24' title='bbox 701 473 896 538; x_wconf 89' lang='lat' dir='ltr'>quidem</span> <span class='ocrx_word' id='word_1_25' title='bbox 933 490 1128 537; x_wconf 88' lang='lat' dir='ltr'>sponso,</span> <span class='ocrx_word' id='word_1_26' title='bbox 1165 473 1317 521; x_wconf 87' lang='lat' dir='ltr'>invita</span> <span class='ocrx_word' id='word_1_27' title='bbox 1341 481 1609 536; x_wconf 75' lang='lat' dir='ltr'>compat-te,</span> 
     </span>
     <span class='ocr_line' id='line_1_6' title="bbox 195 539 1615 609; baseline -0.006 -15"><span class='ocrx_word' id='word_1_28' title='bbox 195 545 505 609; x_wconf 82' lang='lat' dir='ltr'>Religionem</span> <span class='ocrx_word' id='word_1_29' title='bbox 530 543 737 607; x_wconf 85' lang='lat' dir='ltr'>ingredi,</span> <span class='ocrx_word' id='word_1_30' title='bbox 775 543 862 590; x_wconf 89' lang='lat' dir='ltr'>sed</span> <span class='ocrx_word' id='word_1_31' title='bbox 887 542 1033 588; x_wconf 88' lang='lat' dir='ltr'>modo</span> <span class='ocrx_word' id='word_1_32' title='bbox 1072 541 1120 589; x_wconf 84' lang='lat' dir='ltr'>id</span> <span class='ocrx_word' id='word_1_33' title='bbox 1164 558 1259 589; x_wconf 85' lang='lat' dir='ltr'>non</span> <span class='ocrx_word' id='word_1_34' title='bbox 1291 541 1376 589; x_wconf 84' lang='lat' dir='ltr'>fiat</span> <span class='ocrx_word' id='word_1_35' title='bbox 1409 540 1458 587; x_wconf 90' lang='lat' dir='ltr'>in</span> <span class='ocrx_word' id='word_1_36' title='bbox 1482 539 1615 587; x_wconf 89' lang='lat' dir='ltr'>frau-</span> 
     </span>
     <span class='ocr_line' id='line_1_7' title="bbox 193 606 1614 671; baseline -0.004 -12"><span class='ocrx_word' id='word_1_37' title='bbox 193 613 304 660; x_wconf 89' lang='lat' dir='ltr'>dem</span> <span class='ocrx_word' id='word_1_38' title='bbox 330 622 380 661; x_wconf 88' lang='lat' dir='ltr'>et</span> <span class='ocrx_word' id='word_1_39' title='bbox 406 628 516 660; x_wconf 89' lang='lat' dir='ltr'>cum</span> <span class='ocrx_word' id='word_1_40' title='bbox 543 611 741 659; x_wconf 89' lang='lat' dir='ltr'>alterius</span> <span class='ocrx_word' id='word_1_41' title='bbox 765 610 961 657; x_wconf 84' lang='lat' dir='ltr'>infamia</span> <span class='ocrx_word' id='word_1_42' title='bbox 1002 609 1079 655; x_wconf 87' lang='lat' dir='ltr'>vel</span> <span class='ocrx_word' id='word_1_43' title='bbox 1118 609 1297 657; x_wconf 88' lang='lat' dir='ltr'>damno</span> <span class='ocrx_word' id='word_1_44' title='bbox 1339 606 1473 671; x_wconf 88' lang='lat' dir='ltr'>quod</span> <span class='ocrx_word' id='word_1_45' title='bbox 1512 621 1614 654; x_wconf 86' lang='lat' dir='ltr'>non</span> 
     </span>
     <span class='ocr_line' id='line_1_8' title="bbox 193 674 1616 744; baseline -0.006 -17"><span class='ocrx_word' id='word_1_46' title='bbox 193 679 347 744; x_wconf 88' lang='lat' dir='ltr'>possit</span> <span class='ocrx_word' id='word_1_47' title='bbox 371 680 511 728; x_wconf 89' lang='lat' dir='ltr'>aliter</span> <span class='ocrx_word' id='word_1_48' title='bbox 536 695 680 742; x_wconf 88' lang='lat' dir='ltr'>quam</span> <span class='ocrx_word' id='word_1_49' title='bbox 707 693 794 740; x_wconf 87' lang='lat' dir='ltr'>per</span> <span class='ocrx_word' id='word_1_50' title='bbox 830 675 1188 723; x_wconf 87' lang='lat' dir='ltr'>matrimonium</span> <span class='ocrx_word' id='word_1_51' title='bbox 1221 674 1460 731; x_wconf 87' lang='lat' dir='ltr'>resarciri,</span> <span class='ocrx_word' id='word_1_52' title='bbox 1497 690 1541 720; x_wconf 87' lang='lat' dir='ltr'>v.</span> <span class='ocrx_word' id='word_1_53' title='bbox 1566 689 1616 735; x_wconf 86' lang='lat' dir='ltr'>g.</span> 
     </span>
     <span class='ocr_line' id='line_1_9' title="bbox 196 740 1618 811; baseline -0.006 -18"><span class='ocrx_word' id='word_1_54' title='bbox 196 747 234 793; x_wconf 91' lang='lat' dir='ltr'>si</span> <span class='ocrx_word' id='word_1_55' title='bbox 260 764 437 811; x_wconf 87' lang='lat' dir='ltr'>sponsa</span> <span class='ocrx_word' id='word_1_56' title='bbox 461 746 662 810; x_wconf 86' lang='lat' dir='ltr'>gravida</span> <span class='ocrx_word' id='word_1_57' title='bbox 703 745 795 803; x_wconf 79' lang='lat' dir='ltr'>sit3</span> <span class='ocrx_word' id='word_1_58' title='bbox 829 754 949 791; x_wconf 89' lang='lat' dir='ltr'>tunc</span> <span class='ocrx_word' id='word_1_59' title='bbox 991 744 1120 790; x_wconf 86' lang='lat' dir='ltr'>enirn</span> <span class='ocrx_word' id='word_1_60' title='bbox 1156 743 1401 807; x_wconf 84' lang='lat' dir='ltr'>ingressus</span> <span class='ocrx_word' id='word_1_61' title='bbox 1428 740 1618 804; x_wconf 78' lang='lat' dir='ltr'>Religi-</span> 
     </span>
     <span class='ocr_line' id='line_1_10' title="bbox 198 810 1497 866; baseline -0.008 -3"><span class='ocrx_word' id='word_1_62' title='bbox 198 815 302 863; x_wconf 86' lang='lat' dir='ltr'>onis</span> <span class='ocrx_word' id='word_1_63' title='bbox 328 825 378 864; x_wconf 90' lang='lat' dir='ltr'>et</span> <span class='ocrx_word' id='word_1_64' title='bbox 401 824 567 862; x_wconf 85' lang='lat' dir='ltr'>votum</span> <span class='ocrx_word' id='word_1_65' title='bbox 591 813 718 860; x_wconf 87' lang='lat' dir='ltr'>illius</span> <span class='ocrx_word' id='word_1_66' title='bbox 736 812 899 859; x_wconf 89' lang='lat' dir='ltr'>forent</span> <span class='ocrx_word' id='word_1_67' title='bbox 927 810 1115 858; x_wconf 89' lang='lat' dir='ltr'>illicita.</span> <span class='ocrx_word' id='word_1_68' title='bbox 1462 851 1497 866; x_wconf 29' lang='lat' dir='ltr'>Q,</span> 
     </span>
    </p>
   </div>
   <div class='ocr_carea' id='block_1_3' title="bbox 355 948 1460 1011">
    <p class='ocr_par' dir='ltr' id='par_1_4' title="bbox 355 948 1460 1011">
     <span class='ocr_line' id='line_1_11' title="bbox 355 948 1460 1011; baseline -0.005 -10"><span class='ocrx_word' id='word_1_69' title='bbox 355 955 547 1002; x_wconf 78' lang='lat' dir='ltr'><strong>CAUSA</strong></span> <span class='ocrx_word' id='word_1_70' title='bbox 577 956 622 1000; x_wconf 80' lang='lat'>3.</span> <span class='ocrx_word' id='word_1_71' title='bbox 662 952 909 998; x_wconf 82' lang='lat' dir='ltr'>Sacrorum</span> <span class='ocrx_word' id='word_1_72' title='bbox 950 949 1182 997; x_wconf 83' lang='lat' dir='ltr'>Ordinum</span> <span class='ocrx_word' id='word_1_73' title='bbox 1216 948 1460 1011; x_wconf 77' lang='lat' dir='ltr'>susceptio.</span> 
     </span>
    </p>
   </div>
   <div class='ocr_carea' id='block_1_4' title="bbox 196 1064 1624 3006">
    <p class='ocr_par' dir='ltr' id='par_1_5' title="bbox 196 1064 1621 1401">
     <span class='ocr_line' id='line_1_12' title="bbox 265 1064 1621 1131; baseline -0.004 -11"><span class='ocrx_word' id='word_1_74' title='bbox 265 1072 465 1120; x_wconf 85' lang='lat' dir='ltr'>Certum</span> <span class='ocrx_word' id='word_1_75' title='bbox 492 1077 567 1117; x_wconf 87' lang='lat' dir='ltr'>est</span> <span class='ocrx_word' id='word_1_76' title='bbox 595 1073 656 1118; x_wconf 87' lang='lat'>1⁰·</span> <span class='ocrx_word' id='word_1_77' title='bbox 695 1067 940 1131; x_wconf 83' lang='lat' dir='ltr'>sponsalia</span> <span class='ocrx_word' id='word_1_78' title='bbox 981 1083 1078 1113; x_wconf 90' lang='lat' dir='ltr'>non</span> <span class='ocrx_word' id='word_1_79' title='bbox 1122 1064 1320 1113; x_wconf 86' lang='lat' dir='ltr'>dissolvi</span> <span class='ocrx_word' id='word_1_80' title='bbox 1353 1081 1417 1113; x_wconf 87' lang='lat' dir='ltr'>ex</span> <span class='ocrx_word' id='word_1_81' title='bbox 1461 1075 1621 1130; x_wconf 86' lang='lat' dir='ltr'>parte,</span> 
     </span>
     <span class='ocr_line' id='line_1_13' title="bbox 196 1134 1619 1201; baseline -0.004 -15"><span class='ocrx_word' id='word_1_82' title='bbox 196 1138 282 1186; x_wconf 85' lang='lat' dir='ltr'>viri</span> <span class='ocrx_word' id='word_1_83' title='bbox 304 1155 392 1201; x_wconf 89' lang='lat' dir='ltr'>per</span> <span class='ocrx_word' id='word_1_84' title='bbox 415 1136 653 1184; x_wconf 89' lang='lat' dir='ltr'>minorum</span> <span class='ocrx_word' id='word_1_85' title='bbox 682 1135 921 1183; x_wconf 89' lang='lat' dir='ltr'>Ordinum</span> <span class='ocrx_word' id='word_1_86' title='bbox 948 1134 1339 1196; x_wconf 80' lang='lat' dir='ltr'>susceptionem;</span> <span class='ocrx_word' id='word_1_87' title='bbox 1376 1143 1479 1181; x_wconf 90' lang='lat' dir='ltr'>tum</span> <span class='ocrx_word' id='word_1_88' title='bbox 1506 1134 1619 1195; x_wconf 87' lang='lat' dir='ltr'>quia</span> 
     </span>
     <span class='ocr_line' id='line_1_14' title="bbox 197 1199 1619 1264; baseline -0.005 -12"><span class='ocrx_word' id='word_1_89' title='bbox 197 1206 247 1252; x_wconf 92' lang='lat' dir='ltr'>id</span> <span class='ocrx_word' id='word_1_90' title='bbox 286 1206 418 1253; x_wconf 90' lang='lat' dir='ltr'>nullo</span> <span class='ocrx_word' id='word_1_91' title='bbox 459 1205 581 1252; x_wconf 88' lang='lat' dir='ltr'>Jure</span> <span class='ocrx_word' id='word_1_92' title='bbox 616 1212 853 1250; x_wconf 84' lang='lat' dir='ltr'>statutum</span> <span class='ocrx_word' id='word_1_93' title='bbox 904 1211 1008 1257; x_wconf 82' lang='lat' dir='ltr'>est3</span> <span class='ocrx_word' id='word_1_94' title='bbox 1043 1211 1144 1248; x_wconf 89' lang='lat' dir='ltr'>tum</span> <span class='ocrx_word' id='word_1_95' title='bbox 1172 1200 1287 1264; x_wconf 87' lang='lat' dir='ltr'>quia</span> <span class='ocrx_word' id='word_1_96' title='bbox 1318 1201 1433 1249; x_wconf 87' lang='lat' dir='ltr'>inde</span> <span class='ocrx_word' id='word_1_97' title='bbox 1459 1199 1619 1248; x_wconf 85' lang='lat' dir='ltr'>fraudi</span> 
     </span>
     <span class='ocr_line' id='line_1_15' title="bbox 199 1267 1619 1335; baseline -0.004 -14"><span class='ocrx_word' id='word_1_98' title='bbox 199 1282 390 1335; x_wconf 88' lang='lat' dir='ltr'>pateret</span> <span class='ocrx_word' id='word_1_99' title='bbox 417 1272 591 1327; x_wconf 82' lang='lat' dir='ltr'>adituS,</span> <span class='ocrx_word' id='word_1_100' title='bbox 631 1286 742 1317; x_wconf 88' lang='lat' dir='ltr'>cum</span> <span class='ocrx_word' id='word_1_101' title='bbox 769 1269 980 1316; x_wconf 87' lang='lat' dir='ltr'>Ordines</span> <span class='ocrx_word' id='word_1_102' title='bbox 1005 1267 1081 1315; x_wconf 80' lang='lat' dir='ltr'>isti</span> <span class='ocrx_word' id='word_1_103' title='bbox 1110 1268 1191 1332; x_wconf 91' lang='lat' dir='ltr'>qui</span> <span class='ocrx_word' id='word_1_104' title='bbox 1218 1284 1314 1314; x_wconf 91' lang='lat' dir='ltr'>non</span> <span class='ocrx_word' id='word_1_105' title='bbox 1340 1268 1511 1332; x_wconf 84' lang='lat' dir='ltr'>ligant,</span> <span class='ocrx_word' id='word_1_106' title='bbox 1549 1267 1619 1315; x_wconf 86' lang='lat' dir='ltr'>fa·</span> 
     </span>
     <span class='ocr_line' id='line_1_16' title="bbox 202 1338 726 1401; baseline -0.008 -14"><span class='ocrx_word' id='word_1_107' title='bbox 202 1338 295 1387; x_wconf 85' lang='lat' dir='ltr'>cile</span> <span class='ocrx_word' id='word_1_108' title='bbox 320 1338 500 1401; x_wconf 86' lang='lat' dir='ltr'>suscipi</span> <span class='ocrx_word' id='word_1_109' title='bbox 525 1338 726 1400; x_wconf 88' lang='lat' dir='ltr'>possint.</span> 
     </span>
    </p>

    <p class='ocr_par' dir='ltr' id='par_1_6' title="bbox 200 1400 1623 1736">
     <span class='ocr_line' id='line_1_17' title="bbox 267 1400 1623 1468; baseline -0.004 -15"><span class='ocrx_word' id='word_1_110' title='bbox 267 1408 300 1453; x_wconf 75' lang='lat'>2</span> <span class='ocrx_word' id='word_1_111' title='bbox 323 1420 335 1434; x_wconf 91' lang='lat'><strong>·</strong></span> <span class='ocrx_word' id='word_1_112' title='bbox 376 1406 565 1468; x_wconf 84' lang='lat' dir='ltr'>Sponsa</span> <span class='ocrx_word' id='word_1_113' title='bbox 605 1415 767 1451; x_wconf 87' lang='lat' dir='ltr'>tamen</span> <span class='ocrx_word' id='word_1_114' title='bbox 809 1401 857 1448; x_wconf 91' lang='lat' dir='ltr'>in</span> <span class='ocrx_word' id='word_1_115' title='bbox 901 1418 960 1450; x_wconf 90' lang='lat' dir='ltr'>eo</span> <span class='ocrx_word' id='word_1_116' title='bbox 1004 1417 1118 1449; x_wconf 87' lang='lat' dir='ltr'>casa</span> <span class='ocrx_word' id='word_1_117' title='bbox 1156 1400 1310 1448; x_wconf 87' lang='lat' dir='ltr'>libera</span> <span class='ocrx_word' id='word_1_118' title='bbox 1344 1400 1399 1449; x_wconf 86' lang='lat' dir='ltr'>fit</span> <span class='ocrx_word' id='word_1_119' title='bbox 1441 1416 1470 1448; x_wconf 90' lang='lat' dir='ltr'>a</span> <span class='ocrx_word' id='word_1_120' title='bbox 1511 1416 1623 1464; x_wconf 87' lang='lat' dir='ltr'>pro-</span> 
     </span>
     <span class='ocr_line' id='line_1_18' title="bbox 200 1467 1621 1535; baseline -0.004 -15"><span class='ocrx_word' id='word_1_121' title='bbox 200 1472 428 1520; x_wconf 89' lang='lat' dir='ltr'>missione</span> <span class='ocrx_word' id='word_1_122' title='bbox 465 1470 778 1535; x_wconf 86' lang='lat' dir='ltr'>sponsalitia;</span> <span class='ocrx_word' id='word_1_123' title='bbox 812 1468 913 1517; x_wconf 90' lang='lat' dir='ltr'>sive</span> <span class='ocrx_word' id='word_1_124' title='bbox 952 1469 1065 1532; x_wconf 89' lang='lat' dir='ltr'>quia</span> <span class='ocrx_word' id='word_1_125' title='bbox 1104 1468 1374 1531; x_wconf 88' lang='lat' dir='ltr'>suscipiens</span> <span class='ocrx_word' id='word_1_126' title='bbox 1409 1467 1621 1516; x_wconf 84' lang='lat' dir='ltr'>minores</span> 
     </span>
     <span class='ocr_line' id='line_1_19' title="bbox 203 1535 1621 1596; baseline -0.004 -10"><span class='ocrx_word' id='word_1_127' title='bbox 203 1538 414 1588; x_wconf 87' lang='lat' dir='ltr'>Ordines</span> <span class='ocrx_word' id='word_1_128' title='bbox 462 1547 690 1586; x_wconf 88' lang='lat' dir='ltr'>censetur</span> <span class='ocrx_word' id='word_1_129' title='bbox 737 1536 940 1584; x_wconf 85' lang='lat' dir='ltr'>tendere</span> <span class='ocrx_word' id='word_1_130' title='bbox 988 1535 1050 1583; x_wconf 87' lang='lat' dir='ltr'>ad</span> <span class='ocrx_word' id='word_1_131' title='bbox 1098 1540 1320 1596; x_wconf 84' lang='lat' dir='ltr'>majores,</span> <span class='ocrx_word' id='word_1_132' title='bbox 1373 1535 1621 1581; x_wconf 86' lang='lat' dir='ltr'>matrimo-</span> 
     </span>
     <span class='ocr_line' id='line_1_20' title="bbox 200 1601 1619 1668; baseline -0.004 -15"><span class='ocrx_word' id='word_1_133' title='bbox 200 1606 378 1668; x_wconf 91' lang='lat' dir='ltr'>nioque</span> <span class='ocrx_word' id='word_1_134' title='bbox 424 1605 737 1658; x_wconf 88' lang='lat' dir='ltr'>renuntiare;</span> <span class='ocrx_word' id='word_1_135' title='bbox 770 1602 872 1651; x_wconf 89' lang='lat' dir='ltr'>sive</span> <span class='ocrx_word' id='word_1_136' title='bbox 920 1602 1034 1664; x_wconf 86' lang='lat' dir='ltr'>quia</span> <span class='ocrx_word' id='word_1_137' title='bbox 1080 1601 1331 1649; x_wconf 87' lang='lat' dir='ltr'>levitatem</span> <span class='ocrx_word' id='word_1_138' title='bbox 1375 1615 1619 1665; x_wconf 85' lang='lat' dir='ltr'>magnam,</span> 
     </span>
     <span class='ocr_line' id='line_1_21' title="bbox 202 1667 1383 1736; baseline -0.006 -15"><span class='ocrx_word' id='word_1_139' title='bbox 202 1690 257 1721; x_wconf 89' lang='lat' dir='ltr'>ac</span> <span class='ocrx_word' id='word_1_140' title='bbox 281 1673 486 1736; x_wconf 84' lang='lat' dir='ltr'>proinde</span> <span class='ocrx_word' id='word_1_141' title='bbox 512 1670 829 1719; x_wconf 85' lang='lat' dir='ltr'>mutationem</span> <span class='ocrx_word' id='word_1_142' title='bbox 856 1669 1121 1717; x_wconf 85' lang='lat' dir='ltr'>notabilem</span> <span class='ocrx_word' id='word_1_143' title='bbox 1153 1667 1383 1716; x_wconf 86' lang='lat' dir='ltr'>ostendit.</span> 
     </span>
    </p>

    <p class='ocr_par' dir='ltr' id='par_1_7' title="bbox 198 1733 1624 1934">
     <span class='ocr_line' id='line_1_22' title="bbox 270 1733 1620 1800; baseline -0.004 -13"><span class='ocrx_word' id='word_1_144' title='bbox 270 1744 334 1787; x_wconf 82' lang='lat'>3⁰·</span> <span class='ocrx_word' id='word_1_145' title='bbox 372 1741 571 1789; x_wconf 83' lang='lat' dir='ltr'>Certum</span> <span class='ocrx_word' id='word_1_146' title='bbox 598 1747 674 1785; x_wconf 87' lang='lat' dir='ltr'>est</span> <span class='ocrx_word' id='word_1_147' title='bbox 695 1737 939 1800; x_wconf 84' lang='lat' dir='ltr'>sponsalia</span> <span class='ocrx_word' id='word_1_148' title='bbox 963 1751 1050 1799; x_wconf 90' lang='lat' dir='ltr'>per</span> <span class='ocrx_word' id='word_1_149' title='bbox 1090 1751 1338 1783; x_wconf 88' lang='lat' dir='ltr'>sacrorum</span> <span class='ocrx_word' id='word_1_150' title='bbox 1377 1733 1620 1782; x_wconf 87' lang='lat' dir='ltr'>Ordinum</span> 
     </span>
     <span class='ocr_line' id='line_1_23' title="bbox 198 1800 1624 1871; baseline -0.005 -16"><span class='ocrx_word' id='word_1_151' title='bbox 198 1807 560 1871; x_wconf 87' lang='lat' dir='ltr'>susceptionem</span> <span class='ocrx_word' id='word_1_152' title='bbox 599 1801 810 1859; x_wconf 88' lang='lat' dir='ltr'>dissolvi,</span> <span class='ocrx_word' id='word_1_153' title='bbox 848 1804 961 1866; x_wconf 87' lang='lat' dir='ltr'>quia</span> <span class='ocrx_word' id='word_1_154' title='bbox 987 1801 1197 1850; x_wconf 85' lang='lat' dir='ltr'>Ordines</span> <span class='ocrx_word' id='word_1_155' title='bbox 1220 1800 1346 1849; x_wconf 88' lang='lat' dir='ltr'>sacri</span> <span class='ocrx_word' id='word_1_156' title='bbox 1381 1801 1446 1849; x_wconf 88' lang='lat' dir='ltr'>ad</span> <span class='ocrx_word' id='word_1_157' title='bbox 1469 1802 1624 1850; x_wconf 88' lang='lat' dir='ltr'>conti-</span> 
     </span>
     <span class='ocr_line' id='line_1_24' title="bbox 200 1870 1599 1934; baseline -0.006 -13"><span class='ocrx_word' id='word_1_158' title='bbox 200 1875 415 1922; x_wconf 89' lang='lat' dir='ltr'>nentiam</span> <span class='ocrx_word' id='word_1_159' title='bbox 442 1873 677 1934; x_wconf 85' lang='lat' dir='ltr'>obligant,</span> <span class='ocrx_word' id='word_1_160' title='bbox 715 1887 775 1918; x_wconf 84' lang='lat' dir='ltr'>ex</span> <span class='ocrx_word' id='word_1_161' title='bbox 801 1870 920 1917; x_wconf 91' lang='lat' dir='ltr'>Trid</span> <span class='ocrx_word' id='word_1_162' title='bbox 945 1872 1027 1916; x_wconf 76' lang='lat'>24.</span> <span class='ocrx_word' id='word_1_163' title='bbox 1053 1884 1160 1915; x_wconf 89' lang='lat' dir='ltr'>can.</span> <span class='ocrx_word' id='word_1_164' title='bbox 1186 1874 1232 1917; x_wconf 88' lang='lat'>9.</span> <span class='ocrx_word' id='word_1_165' title='bbox 1595 1919 1599 1923; x_wconf 47' lang='grc'><strong>,</strong></span> 
     </span>
    </p>

    <p class='ocr_par' dir='ltr' id='par_1_8' title="bbox 200 1932 1621 2136">
     <span class='ocr_line' id='line_1_25' title="bbox 280 1932 1620 2000; baseline -0.004 -11"><span class='ocrx_word' id='word_1_166' title='bbox 280 1942 476 1997; x_wconf 81' lang='lat' dir='ltr'>Quaeres</span> <span class='ocrx_word' id='word_1_167' title='bbox 527 1942 593 1985; x_wconf 85' lang='lat'>1⁰·</span> <span class='ocrx_word' id='word_1_168' title='bbox 640 1953 702 1985; x_wconf 84' lang='lat' dir='ltr'>an</span> <span class='ocrx_word' id='word_1_169' title='bbox 751 1936 833 2000; x_wconf 87' lang='lat' dir='ltr'>qui</span> <span class='ocrx_word' id='word_1_170' title='bbox 880 1934 1123 1999; x_wconf 85' lang='lat' dir='ltr'>sponsalia</span> <span class='ocrx_word' id='word_1_171' title='bbox 1170 1934 1434 1990; x_wconf 61' lang='lat' dir='ltr'>contraxia,</span> <span class='ocrx_word' id='word_1_172' title='bbox 1489 1932 1620 1983; x_wconf 88' lang='lat' dir='ltr'>licite</span> 
     </span>
     <span class='ocr_line' id='line_1_26' title="bbox 201 2003 1621 2071; baseline -0.004 -17"><span class='ocrx_word' id='word_1_173' title='bbox 201 2007 352 2071; x_wconf 83' lang='lat' dir='ltr'>possit</span> <span class='ocrx_word' id='word_1_174' title='bbox 375 2008 478 2054; x_wconf 88' lang='lat' dir='ltr'>sine</span> <span class='ocrx_word' id='word_1_175' title='bbox 517 2004 715 2053; x_wconf 88' lang='lat' dir='ltr'>alterius</span> <span class='ocrx_word' id='word_1_176' title='bbox 756 2004 905 2067; x_wconf 88' lang='lat' dir='ltr'>partis</span> <span class='ocrx_word' id='word_1_177' title='bbox 948 2018 1187 2051; x_wconf 87' lang='lat' dir='ltr'>consensu</span> <span class='ocrx_word' id='word_1_178' title='bbox 1219 2018 1384 2051; x_wconf 90' lang='lat' dir='ltr'>sacros</span> <span class='ocrx_word' id='word_1_179' title='bbox 1410 2003 1621 2051; x_wconf 81' lang='lat' dir='ltr'>Ordines</span> 
     </span>
     <span class='ocr_line' id='line_1_27' title="bbox 200 2073 460 2136; baseline -0.012 -13"><span class='ocrx_word' id='word_1_180' title='bbox 200 2073 460 2136; x_wconf 82' lang='lat' dir='ltr'>recipere?</span> 
     </span>
    </p>

    <p class='ocr_par' dir='ltr' id='par_1_9' title="bbox 201 2135 1624 2591">
     <span class='ocr_line' id='line_1_28' title="bbox 270 2135 1622 2205; baseline -0.002 -16"><span class='ocrx_word' id='word_1_181' title='bbox 270 2142 338 2189; x_wconf 79' lang='lat' dir='ltr'>R.</span> <span class='ocrx_word' id='word_1_182' title='bbox 373 2141 665 2205; x_wconf 75' lang='lat' dir='ltr'>qfflrmatz&#39;ve,</span> <span class='ocrx_word' id='word_1_183' title='bbox 703 2136 849 2185; x_wconf 89' lang='lat' dir='ltr'>modo</span> <span class='ocrx_word' id='word_1_184' title='bbox 873 2136 921 2184; x_wconf 89' lang='lat' dir='ltr'>id</span> <span class='ocrx_word' id='word_1_185' title='bbox 946 2137 1029 2183; x_wconf 86' lang='lat' dir='ltr'>fiat</span> <span class='ocrx_word' id='word_1_186' title='bbox 1055 2153 1150 2183; x_wconf 89' lang='lat' dir='ltr'>non</span> <span class='ocrx_word' id='word_1_187' title='bbox 1176 2135 1226 2182; x_wconf 92' lang='lat' dir='ltr'>in</span> <span class='ocrx_word' id='word_1_188' title='bbox 1255 2135 1495 2196; x_wconf 87' lang='lat' dir='ltr'>fraudem,</span> <span class='ocrx_word' id='word_1_189' title='bbox 1531 2139 1622 2188; x_wconf 87' lang='lat' dir='ltr'>sed</span> 
     </span>
     <span class='ocr_line' id='line_1_29' title="bbox 202 2204 1621 2270; baseline -0.001 -14"><span class='ocrx_word' id='word_1_190' title='bbox 202 2209 332 2256; x_wconf 86' lang='lat' dir='ltr'>bona</span> <span class='ocrx_word' id='word_1_191' title='bbox 356 2208 468 2266; x_wconf 85' lang='lat' dir='ltr'>fide,</span> <span class='ocrx_word' id='word_1_192' title='bbox 506 2217 556 2255; x_wconf 89' lang='lat' dir='ltr'>et</span> <span class='ocrx_word' id='word_1_193' title='bbox 598 2206 701 2253; x_wconf 89' lang='lat' dir='ltr'>sine</span> <span class='ocrx_word' id='word_1_194' title='bbox 737 2204 869 2267; x_wconf 87' lang='lat' dir='ltr'>gravi</span> <span class='ocrx_word' id='word_1_195' title='bbox 908 2219 1094 2266; x_wconf 79' lang='lat' dir='ltr'>sponsae</span> <span class='ocrx_word' id='word_1_196' title='bbox 1129 2204 1342 2258; x_wconf 87' lang='lat' dir='ltr'>damno;</span> <span class='ocrx_word' id='word_1_197' title='bbox 1376 2215 1480 2253; x_wconf 89' lang='lat' dir='ltr'>tum</span> <span class='ocrx_word' id='word_1_198' title='bbox 1506 2206 1621 2270; x_wconf 83' lang='lat' dir='ltr'>quia</span> 
     </span>
     <span class='ocr_line' id='line_1_30' title="bbox 203 2270 1624 2338; baseline -0.001 -16"><span class='ocrx_word' id='word_1_199' title='bbox 203 2276 252 2322; x_wconf 89' lang='lat' dir='ltr'>in</span> <span class='ocrx_word' id='word_1_200' title='bbox 300 2273 605 2338; x_wconf 84' lang='lat' dir='ltr'>sponsalibus</span> <span class='ocrx_word' id='word_1_201' title='bbox 652 2271 1033 2335; x_wconf 83' lang='lat' dir='ltr'>subintelligitur</span> <span class='ocrx_word' id='word_1_202' title='bbox 1081 2270 1300 2318; x_wconf 80' lang='lat' dir='ltr'>conditio</span> <span class='ocrx_word' id='word_1_203' title='bbox 1346 2271 1489 2321; x_wconf 86' lang='lat' dir='ltr'>haec:</span> <span class='ocrx_word' id='word_1_204' title='bbox 1525 2273 1624 2321; x_wconf 73' lang='lat' dir='ltr'>nisi</span> 
     </span>
     <span class='ocr_line' id='line_1_31' title="bbox 202 2337 1623 2407; baseline -0.002 -16"><span class='ocrx_word' id='word_1_205' title='bbox 202 2343 441 2407; x_wconf 83' lang='lat' dir='ltr'>contingat</span> <span class='ocrx_word' id='word_1_206' title='bbox 465 2340 683 2390; x_wconf 80' lang='lat' dir='ltr'>notabilis</span> <span class='ocrx_word' id='word_1_207' title='bbox 706 2339 900 2387; x_wconf 77' lang='lat' dir='ltr'>mutaiio</span> <span class='ocrx_word' id='word_1_208' title='bbox 924 2339 1033 2387; x_wconf 82' lang='lat' dir='ltr'>vitoe</span> <span class='ocrx_word' id='word_1_209' title='bbox 1062 2338 1112 2385; x_wconf 80' lang='lat' dir='ltr'>in</span> <span class='ocrx_word' id='word_1_210' title='bbox 1137 2337 1300 2385; x_wconf 80' lang='lat' dir='ltr'>melius</span> <span class='ocrx_word' id='word_1_211' title='bbox 1318 2358 1339 2394; x_wconf 84' lang='lat'>‚-</span> <span class='ocrx_word' id='word_1_212' title='bbox 1377 2350 1480 2387; x_wconf 83' lang='lat' dir='ltr'>tum</span> <span class='ocrx_word' id='word_1_213' title='bbox 1507 2339 1623 2404; x_wconf 87' lang='lat' dir='ltr'>quia</span> 
     </span>
     <span class='ocr_line' id='line_1_32' title="bbox 201 2404 1622 2472; baseline -0.003 -15"><span class='ocrx_word' id='word_1_214' title='bbox 201 2425 381 2472; x_wconf 81' lang='lat' dir='ltr'>sponsa</span> <span class='ocrx_word' id='word_1_215' title='bbox 405 2407 754 2456; x_wconf 84' lang='lat' dir='ltr'>rationabiliter</span> <span class='ocrx_word' id='word_1_216' title='bbox 777 2422 874 2453; x_wconf 90' lang='lat' dir='ltr'>non</span> <span class='ocrx_word' id='word_1_217' title='bbox 899 2414 1061 2468; x_wconf 90' lang='lat' dir='ltr'>potest</span> <span class='ocrx_word' id='word_1_218' title='bbox 1087 2404 1314 2452; x_wconf 83' lang='lat' dir='ltr'>resistere</span> <span class='ocrx_word' id='word_1_219' title='bbox 1339 2406 1453 2455; x_wconf 91' lang='lat' dir='ltr'>Deo</span> <span class='ocrx_word' id='word_1_220' title='bbox 1476 2422 1622 2471; x_wconf 86' lang='lat' dir='ltr'>spon·</span> 
     </span>
     <span class='ocr_line' id='line_1_33' title="bbox 202 2472 1621 2537; baseline 0 -14"><span class='ocrx_word' id='word_1_221' title='bbox 202 2493 308 2523; x_wconf 88' lang='lat' dir='ltr'>sum</span> <span class='ocrx_word' id='word_1_222' title='bbox 333 2476 395 2523; x_wconf 84' lang='lat' dir='ltr'>ad</span> <span class='ocrx_word' id='word_1_223' title='bbox 419 2485 596 2522; x_wconf 86' lang='lat' dir='ltr'>statum</span> <span class='ocrx_word' id='word_1_224' title='bbox 617 2472 961 2537; x_wconf 64' lang='lat' dir='ltr'>perfectiorem</span> <span class='ocrx_word' id='word_1_225' title='bbox 987 2488 1045 2519; x_wconf 85' lang='lat' dir='ltr'>ac</span> <span class='ocrx_word' id='word_1_226' title='bbox 1063 2481 1347 2534; x_wconf 87' lang='lat' dir='ltr'>vergentem</span> <span class='ocrx_word' id='word_1_227' title='bbox 1371 2472 1420 2520; x_wconf 88' lang='lat' dir='ltr'>in</span> <span class='ocrx_word' id='word_1_228' title='bbox 1441 2473 1621 2523; x_wconf 88' lang='lat' dir='ltr'>Eccle-</span> 
     </span>
     <span class='ocr_line' id='line_1_34' title="bbox 206 2540 806 2591; baseline -0.008 -1"><span class='ocrx_word' id='word_1_229' title='bbox 206 2542 287 2591; x_wconf 87' lang='lat' dir='ltr'>siae</span> <span class='ocrx_word' id='word_1_230' title='bbox 312 2542 569 2590; x_wconf 86' lang='lat' dir='ltr'>utilitatem</span> <span class='ocrx_word' id='word_1_231' title='bbox 594 2540 806 2589; x_wconf 87' lang='lat' dir='ltr'>vocanti.</span> 
     </span>
    </p>

    <p class='ocr_par' dir='ltr' id='par_1_10' title="bbox 203 2603 1620 2791">
     <span class='ocr_line' id='line_1_35' title="bbox 276 2603 1620 2671; baseline -0.001 -15"><span class='ocrx_word' id='word_1_232' title='bbox 276 2608 325 2656; x_wconf 91' lang='lat' dir='ltr'>Si</span> <span class='ocrx_word' id='word_1_233' title='bbox 351 2622 466 2656; x_wconf 88' lang='lat' dir='ltr'>vero</span> <span class='ocrx_word' id='word_1_234' title='bbox 490 2624 710 2671; x_wconf 88' lang='lat' dir='ltr'>sponsus,</span> <span class='ocrx_word' id='word_1_235' title='bbox 736 2623 913 2670; x_wconf 87' lang='lat' dir='ltr'>sponsa</span> <span class='ocrx_word' id='word_1_236' title='bbox 937 2622 1032 2653; x_wconf 90' lang='lat' dir='ltr'>non</span> <span class='ocrx_word' id='word_1_237' title='bbox 1056 2603 1411 2665; x_wconf 88' lang='lat' dir='ltr'>consentiente,</span> <span class='ocrx_word' id='word_1_238' title='bbox 1454 2623 1620 2656; x_wconf 80' lang='lat' dir='ltr'>sacros</span> 
     </span>
     <span class='ocr_line' id='line_1_36' title="bbox 207 2672 1616 2738; baseline -0.001 -14"><span class='ocrx_word' id='word_1_239' title='bbox 207 2675 419 2724; x_wconf 88' lang='lat' dir='ltr'>Ordines</span> <span class='ocrx_word' id='word_1_240' title='bbox 443 2675 726 2737; x_wconf 85' lang='lat' dir='ltr'>susceperit,</span> <span class='ocrx_word' id='word_1_241' title='bbox 746 2674 916 2738; x_wconf 88' lang='lat' dir='ltr'>sicque</span> <span class='ocrx_word' id='word_1_242' title='bbox 941 2674 1169 2721; x_wconf 87' lang='lat' dir='ltr'>damnum</span> <span class='ocrx_word' id='word_1_243' title='bbox 1195 2672 1355 2721; x_wconf 82' lang='lat' dir='ltr'>eidem</span> <span class='ocrx_word' id='word_1_244' title='bbox 1379 2673 1616 2732; x_wconf 86' lang='lat' dir='ltr'>intulerit,</span> 
     </span>
     <span class='ocr_line' id='line_1_37' title="bbox 203 2742 814 2791; baseline -0.008 0"><span class='ocrx_word' id='word_1_245' title='bbox 203 2742 322 2791; x_wconf 88' lang='lat' dir='ltr'>illud</span> <span class='ocrx_word' id='word_1_246' title='bbox 351 2742 578 2790; x_wconf 87' lang='lat' dir='ltr'>resarcire</span> <span class='ocrx_word' id='word_1_247' title='bbox 603 2751 814 2791; x_wconf 85' lang='lat' dir='ltr'>tenetur.</span> 
     </span>
    </p>

    <p class='ocr_par' dir='ltr' id='par_1_11' title="bbox 207 2806 1622 2942">
     <span class='ocr_line' id='line_1_38' title="bbox 280 2806 1622 2872; baseline -0.004 -13"><span class='ocrx_word' id='word_1_248' title='bbox 280 2810 472 2864; x_wconf 82' lang='lat' dir='ltr'>Quoeres</span> <span class='ocrx_word' id='word_1_249' title='bbox 503 2810 567 2855; x_wconf 77' lang='lat'>2⁰·</span> <span class='ocrx_word' id='word_1_250' title='bbox 602 2825 664 2857; x_wconf 84' lang='lat' dir='ltr'>an</span> <span class='ocrx_word' id='word_1_251' title='bbox 710 2807 955 2872; x_wconf 84' lang='lat' dir='ltr'>sponsalia</span> <span class='ocrx_word' id='word_1_252' title='bbox 1002 2806 1328 2856; x_wconf 86' lang='lat' dir='ltr'>dissolvantur</span> <span class='ocrx_word' id='word_1_253' title='bbox 1372 2823 1461 2872; x_wconf 87' lang='lat' dir='ltr'>per</span> <span class='ocrx_word' id='word_1_254' title='bbox 1506 2806 1622 2861; x_wconf 51' lang='lat' dir='ltr'>simf</span> 
     </span>
     <span class='ocr_line' id='line_1_39' title="bbox 207 2873 1618 2942; baseline -0.003 -18"><span class='ocrx_word' id='word_1_255' title='bbox 207 2876 325 2942; x_wconf 81' lang='lat' dir='ltr'>plex</span> <span class='ocrx_word' id='word_1_256' title='bbox 370 2886 536 2925; x_wconf 78' lang='lat' dir='ltr'>votum</span> <span class='ocrx_word' id='word_1_257' title='bbox 595 2875 868 2926; x_wconf 83' lang='lat' dir='ltr'>castitatem</span> <span class='ocrx_word' id='word_1_258' title='bbox 915 2884 1205 2942; x_wconf 86' lang='lat' dir='ltr'>perpetuam</span> <span class='ocrx_word' id='word_1_259' title='bbox 1253 2873 1495 2931; x_wconf 82' lang='lat' dir='ltr'>servandi,</span> <span class='ocrx_word' id='word_1_260' title='bbox 1532 2884 1618 2936; x_wconf 64' lang='lat' dir='ltr'>aut</span> 
     </span>
    </p>

    <p class='ocr_par' dir='ltr' id='par_1_12' title="bbox 1309 2941 1617 3006">
     <span class='ocr_line' id='line_1_40' title="bbox 1309 2941 1617 3006; baseline -0.003 -16"><span class='ocrx_word' id='word_1_261' title='bbox 1309 2941 1617 3006; x_wconf 87' lang='lat' dir='ltr'>Religionem</span> 
     </span>
    </p>
   </div>
  </div>
 </body>
</html>
