1846 3250
487 152 584 202 DE
622 146 1123 201 MATRIMONlo„
1444 141 1568 198 3852

187 289 254 337 R.
283 288 570 353 qffi'rmative,
607 286 720 348 quia
761 280 1026 333 auctoritas
1060 291 1263 345 paterna
1296 296 1360 329 ex
1386 283 1582 332 matri-1

118 358 282 404 monio
306 355 522 419 legitimo
549 355 810 401 derivatur.
863 351 1226 412 Itajudicatum
1249 359 1322 397 est
1340 352 1548 400 Arresto
1577 392 1582 395 .

125 422 333 471 Senatus
360 423 510 471 Paris.
535 438 611 469 an.
654 423 797 470 1662.
833 419 962 481 quod
995 418 1144 466 refert
1186 416 1402 475 ΡοτΙιὶεν,
1438 431 1570 482 μυεῖ

120 491 344 537 Diarium
400 489 785 537 Audientiarum.
858 489 1095 534 Attamen
1153 484 1237 532 filii
1291 486 1580 549 illegitimis,

122 558 338 620 quandiu
379 557 589 604 minores
630 566 758 612 sunt,
818 570 914 601 non
962 563 1167 616 possunt
1213 553 1420 600 nubere·
1447 553 1602 621 sinefv

124 634 576 673 tutorumsuorum
620 638 892 677 consensu;
929 620 1058 684 quod
1101 620 1140 667 si
1177 635 1274 666 non
1322 620 1570 681 habeant,-

124 691 306 740 debent
332 693 447 755 ipsis
472 707 500 738 a
523 691 704 740 Judice
725 688 895 737 creari.

200 760 392 815 Quaeres
429 762 508 805 202
545 758 789 820 quomodo
827 772 934 803 sese
974 771 1145 817 gerere
1184 754 1365 803 debeat
1404 756 1554 805 Paro·

128 826 249 874 chus
291 827 367 874 vel
396 826 730 875 Confessarius
769 840 887 887 erga
925 823 1047 870 filios
1082 822 1164 885 qui
1196 823 1554 873 matrimonium

127 896 230 941 sine
256 910 495 942 consensu
523 904 776 956 parentum
802 891 1185 940 contraxerunt?

195 963 258 1010 R.
295 962 671 1025 expendendum
713 976 820 1007 esse
858 974 917 1005 an
944 958 1127 1004 nullum
1166 955 1228 1003 sit
1253 956 1301 1002 in
1344 958 1427 1005 tali
1454 971 1571 1007 ωει-4

129 1027 354 1075 trimonio
416 1028 818 1091 impedimentum
870 1024 1116 1071 dirimens.
1201 1023 1251 1070 Si
1293 1024 1558 1089 detegatur

126 1094 484 1142 matrimonium
520 1094 641 1141 illud
677 1094 837 1155 aliquo
873 1091 1223 1155 impedimento
1259 1091 1433 1151 dirimi,
1472 1094 1571 1142 de-··

126 1163 212 1210 bet
250 1161 584 1210 Confessarius
620 1160 818 1224 exigere
855 1171 909 1207 ut
944 1168 1107 1223 partes
1154 1158 1316 1221 quoad
1361 1160 1575 1208 thorum*

127 1239 415 1292 separentur
463 1241 512 1277 et
550 1239 683 1276 caste
741 1227 919 1284 vivant,
972 1228 1132 1273 donec
1179 1226 1571 1285 matrimonium‚·

129 1297 398 1360 impetratis
447 1295 901 1358 dispensationibus,
956 1297 1255 1355 obtentoque
1303 1308 1561 1356 parentum

131 1380 385 1420 consensu,
427 1373 709 1411 renovatum
759 1362 924 1410 fuerit.
1000 1362 1049 1409 Si
1098 1378 1212 1407 vero
1261 1363 1447 1410 nullum
1499 1364 1581 1412 sit.

131 1432 530 1494 impedimentum
568 1430 813 1486 dirimens,
852 1430 939 1477 sed
980 1430 1109 1476 solus
1135 1428 1374 1477 defecerit
1399 1443 1574 1494 pater-·
1638 1492 1640 1494 v

130 1515 222 1545 nus
259 1514 541 1555 consensus,
580 1508 743 1562 potest
778 1497 892 1560 ipsis
928 1496 1142 1559 permitti
1180 1506 1233 1543 ut
1258 1497 1420 1545 vivant
1458 1509 1572 1546 tan-·

133 1582 275 1628 quam
303 1566 501 1614 maritus
538 1575 587 1613 et
613 1581 756 1621 uxor,
794 1564 879 1611 sed
920 1565 1121 1626 exigere
1155 1563 1304 1610 debet
1331 1575 1382 1611 ut
1417 1581 1559 1613 suum

133 1633 490 1680 matrimonium
527 1632 808 1695 parentibus
851 1631 1099 1678 declarent
1141 1641 1191 1677 et
1227 1646 1395 1678 eorum
1445 1648 1562 1680 con-

132 1716 324 1747 sensum
352 1701 619 1747 obtineant.
708 1699 854 1752 Quod
880 1698 917 1745 si
955 1698 1126 1755 nolint,
1165 1698 1315 1745 debet
1339 1698 1454 1762 ipsis
1480 1703 1575 1748 ab?

133 1768 424 1815 solutionem
470 1768 735 1830 denegare,
814 1767 927 1828 quia
969 1778 1087 1812 tunc
1133 1765 1398 1813 inimicitiae
1446 1784 1564 1831 erga

133 1845 359 1897 parentes
417 1835 605 1897 signum
667 1835 957 1896 praeberent,
995 1833 1222 1894 ipsosque
1282 1844 1564 1883 contemne·
1610 1891 1614 1895 ,

135 1912 258 1958 rent,
295 1902 370 1948 vel
396 1904 566 1948 saltem
594 1900 807 1954 debitam
850 1900 965 1962 ipsis
1000 1899 1321 1947 reverentiam
1344 1916 1440 1948 non
1479 1908 1575 1950 exi

137 1968 377 2026 biberent,
418 1969 653 2031 variisque
689 1967 845 2031 poenis
873 1972 984 2028 Jure
1021 1967 1217 2015 sancitis
1266 1983 1374 2015 sese
1413 1986 1576 2034 expos

138 2046 325 2083 nerent.
669 2046 673 2049 '

214 2103 407 2158 (ἐπάνω
447 2106 526 2149 30·
564 2118 622 2149 an
673 2101 861 2149 Edictis
915 2102 1081 2164 Regiis
1119 2103 1439 2167 subjiciantur
1480 2105 1567 2152 filii

140 2170 349 2217 minores
375 2170 435 2217 ad
465 2170 770 2232 Religionem
799 2170 1087 2217 catholicam
1113 2173 1347 2229 conversi,
1375 2173 1574 2235 quando>

142 2254 307 2284 eorum
334 2248 558 2300 parentes
585 2238 658 2283 vel
687 2247 871 2284 tutores
901 2238 1074 2299 Regno
1100 2254 1407 2287 recesserunt
1429 2242 1446 2289 ἓ

213 2306 271 2353 H.
297 2321 379 2351 eos
409 2322 551 2368 posse
587 2304 691 2351 sine
726 2321 893 2350 eorum
934 2321 1172 2352 consensu
1211 2307 1579 2356 matrimonium>

143 2371 445 2428 contrahere,
485 2371 685 2419 servatis
712 2381 872 2418 tamen
910 2372 964 2417 iis
990 2389 1096 2433 quae
1126 2374 1302 2421 Edicto
1329 2376 1570 2422 Ludovici

145 2440 280 2485 XIV.
311 2456 386 2485 an.
424 2443 565 2487 1686.
588 2439 870 2502 praescripta
895 2451 1022 2486 sunt.
1094 2440 1175 2487 Sic
1219 2453 1383 2489 autem
1422 2444 1570 2490 habet

144 2506 262 2552 illud
303 2506 563 2554 Edictum:
611 2505 807 2553 Voulons
855 2524 941 2570 que
987 2506 1053 2553 les
1105 2511 1270 2572 erjfiws
1328 2511 1408 2557 des
1436 2528 1573 2574 peres

146 2581 190 2620 et
215 2590 357 2620 meres
381 2575 461 2636 qui
485 2582 588 2621 sont
612 2574 750 2621 sortis
778 2574 835 2621 de
871 2584 1003 2621 notre
1027 2576 1281 2639 Royaume,
1320 2584 1364 2624 et
1388 2595 1436 2625 se
1468 2586 1572 2625 sont

146 2641 310 2687 retires
333 2641 452 2687 dans
491 2641 556 2688 les
588 2659 707 2706 pays
732 2649 992 2705 etrangers,
1021 2644 1254 2703 quassent,
1291 2661 1345 2692 en
1372 2645 1474 2693 leur
1495 2646 1576 2692 ab·

144 2724 290 2762 senne,
328 2706 628 2756 valablemeht
665 2717 930 2756 contracter
968 2710 1194 2774 mariage,
1230 2728 1339 2759 sans
1362 2713 1578 2760 attendi-e

147 2793 204 2821 ou
228 2774 479 2821 demander
512 2775 554 2823 Ie
587 2782 920 2824 consentement
945 2777 1001 2824 de
1031 2776 1155 2824 leurs
1184 2795 1319 2843 peres
1344 2788 1388 2827 et
1413 2784 1574 2833 meres,

147 2859 205 2889 ou
243 2842 299 2888 de
336 2840 460 2889 leurs
499 2849 676 2890 tuteurs
713 2860 772 2890 ou
813 2852 1056 2891 curateurs
1091 2846 1243 2908 quise
1273 2854 1376 2894 sont
1412 2848 1575 2893 retires

147 2909 269 2956 dcins
304 2906 369 2956 les
402 2926 522 2973 pays
559 2918 819 2974 etrangem,
856 2926 887 2957 a
929 2911 1163 2961 condition
1207 2915 1475 2961 ueanmoins
1520 2914 1578 2960 de

1369 2981 1576 3044 prendre
