<?xml version="1.0" encoding="UTF-8"?>
<!DOCTYPE html PUBLIC "-//W3C//DTD XHTML 1.0 Transitional//EN"
    "http://www.w3.org/TR/xhtml1/DTD/xhtml1-transitional.dtd">
<html xmlns="http://www.w3.org/1999/xhtml" xml:lang="en" lang="en">
 <head>
  <title>
</title>
<meta http-equiv="Content-Type" content="text/html;charset=utf-8" />
  <meta name='ocr-system' content='tesseract 3.04.00' />
  <meta name='ocr-capabilities' content='ocr_page ocr_carea ocr_par ocr_line ocrx_word'/>
</head>
<body>
  <div class='ocr_page' id='page_1' title='image "./theologica00bailuoft_0283.png"; bbox 0 0 1846 3250; ppageno 0'>
   <div class='ocr_carea' id='block_1_1' title="bbox 518 171 1576 224">
    <p class='ocr_par' dir='ltr' id='par_1_1' title="bbox 518 171 1576 224">
     <span class='ocr_line' id='line_1_1' title="bbox 518 171 1576 224; baseline 0 -3"><span class='ocrx_word' id='word_1_1' title='bbox 518 173 617 221; x_wconf 89' lang='lat' dir='ltr'><strong>DE</strong></span> <span class='ocrx_word' id='word_1_2' title='bbox 653 171 1157 222; x_wconf 79' lang='lat' dir='ltr'><strong>MATRIMONIO.</strong></span> <span class='ocrx_word' id='word_1_3' title='bbox 1450 173 1576 224; x_wconf 71' lang='lat'><strong>279·</strong></span> 
     </span>
    </p>
   </div>
   <div class='ocr_carea' id='block_1_2' title="bbox 123 306 1620 3063">
    <p class='ocr_par' dir='ltr' id='par_1_2' title="bbox 123 306 1560 709">
     <span class='ocr_line' id='line_1_2' title="bbox 123 306 1555 372; baseline -0.001 -15"><span class='ocrx_word' id='word_1_4' title='bbox 123 310 393 359; x_wconf 87' lang='lat' dir='ltr'><strong>bannorum</strong></span> <span class='ocrx_word' id='word_1_5' title='bbox 418 306 860 372; x_wconf 73' lang='lat' dir='ltr'><strong>promulgationem</strong></span> <span class='ocrx_word' id='word_1_6' title='bbox 891 306 1113 371; x_wconf 51' lang='lat' dir='ltr'><strong>¹simplex</strong></span> <span class='ocrx_word' id='word_1_7' title='bbox 1154 308 1214 356; x_wconf 83' lang='lat' dir='ltr'><strong>ab</strong></span> <span class='ocrx_word' id='word_1_8' title='bbox 1248 306 1555 372; x_wconf 73' lang='lat' dir='ltr'><strong>oppositione</strong></span> 
     </span>
     <span class='ocr_line' id='line_1_3' title="bbox 125 369 1556 439; baseline -0.002 -15"><span class='ocrx_word' id='word_1_9' title='bbox 125 376 359 425; x_wconf 82' lang='lat' dir='ltr'><strong>discessio</strong></span> <span class='ocrx_word' id='word_1_10' title='bbox 403 373 778 438; x_wconf 79' lang='lat' dir='ltr'><strong>(desistement)</strong></span> <span class='ocrx_word' id='word_1_11' title='bbox 844 391 1011 423; x_wconf 79' lang='lat' dir='ltr'><strong>coram</strong></span> <span class='ocrx_word' id='word_1_12' title='bbox 1072 374 1278 424; x_wconf 83' lang='lat' dir='ltr'><strong>Notario</strong></span> <span class='ocrx_word' id='word_1_13' title='bbox 1331 369 1556 439; x_wconf 68' lang='lat' dir='ltr'><strong>peracta,</strong></span> 
     </span>
     <span class='ocr_line' id='line_1_4' title="bbox 125 440 1556 506; baseline 0 -14"><span class='ocrx_word' id='word_1_14' title='bbox 125 455 212 499; x_wconf 86' lang='lat' dir='ltr'><strong>aut</strong></span> <span class='ocrx_word' id='word_1_15' title='bbox 232 445 405 500; x_wconf 78' lang='lat' dir='ltr'><strong>saltem</strong></span> <span class='ocrx_word' id='word_1_16' title='bbox 429 440 765 492; x_wconf 82' lang='lat' dir='ltr'><strong>intercessoris</strong></span> <span class='ocrx_word' id='word_1_17' title='bbox 799 441 1126 506; x_wconf 86' lang='lat' dir='ltr'><strong>chirographo</strong></span> <span class='ocrx_word' id='word_1_18' title='bbox 1168 442 1372 506; x_wconf 79' lang='lat' dir='ltr'><strong>munita,</strong></span> <span class='ocrx_word' id='word_1_19' title='bbox 1408 443 1556 494; x_wconf 83' lang='lat' dir='ltr'><strong>modo</strong></span> 
     </span>
     <span class='ocr_line' id='line_1_5' title="bbox 125 508 1559 571; baseline 0.003 -13"><span class='ocrx_word' id='word_1_20' title='bbox 125 522 290 571; x_wconf 80' lang='lat' dir='ltr'><strong>tamen</strong></span> <span class='ocrx_word' id='word_1_21' title='bbox 314 508 529 571; x_wconf 81' lang='lat' dir='ltr'><strong>juridice</strong></span> <span class='ocrx_word' id='word_1_22' title='bbox 556 508 779 566; x_wconf 85' lang='lat' dir='ltr'><strong>Parocho</strong></span> <span class='ocrx_word' id='word_1_23' title='bbox 803 509 953 557; x_wconf 83' lang='lat' dir='ltr'><strong>fuerit</strong></span> <span class='ocrx_word' id='word_1_24' title='bbox 993 509 1233 559; x_wconf 84' lang='lat' dir='ltr'><strong>intimata.</strong></span> <span class='ocrx_word' id='word_1_25' title='bbox 1326 510 1406 560; x_wconf 86' lang='lat' dir='ltr'><strong>Ita</strong></span> <span class='ocrx_word' id='word_1_26' title='bbox 1443 511 1559 562; x_wconf 79' lang='lat' dir='ltr'><strong>Col.-</strong></span> 
     </span>
     <span class='ocr_line' id='line_1_6' title="bbox 126 570 1560 641; baseline 0.001 -15"><span class='ocrx_word' id='word_1_27' title='bbox 126 580 250 639; x_wconf 76' lang='lat' dir='ltr'><strong>lator</strong></span> <span class='ocrx_word' id='word_1_28' title='bbox 309 576 608 637; x_wconf 70' lang='lat' dir='ltr'><strong>Parisiens&#39;i&#39;s.</strong></span> <span class='ocrx_word' id='word_1_29' title='bbox 692 576 1018 641; x_wconf 83' lang='lat' dir='ltr'><strong>Exeipiendae</strong></span> <span class='ocrx_word' id='word_1_30' title='bbox 1090 587 1258 626; x_wconf 83' lang='lat' dir='ltr'><strong>tamen</strong></span> <span class='ocrx_word' id='word_1_31' title='bbox 1311 570 1560 641; x_wconf 63' lang='lat' dir='ltr'><strong>nonnulla</strong></span> 
     </span>
     <span class='ocr_line' id='line_1_7' title="bbox 126 635 1560 709; baseline -0.001 -14"><span class='ocrx_word' id='word_1_32' title='bbox 126 646 384 695; x_wconf 86' lang='lat' dir='ltr'><strong>Dioeceses</strong></span> <span class='ocrx_word' id='word_1_33' title='bbox 420 635 503 694; x_wconf 88' lang='lat' dir='ltr'><strong>ubi</strong></span> <span class='ocrx_word' id='word_1_34' title='bbox 539 662 604 693; x_wconf 87' lang='lat' dir='ltr'><strong>ex</strong></span> <span class='ocrx_word' id='word_1_35' title='bbox 645 644 841 693; x_wconf 79' lang='lat' dir='ltr'><strong>Statuto</strong></span> <span class='ocrx_word' id='word_1_36' title='bbox 901 643 1137 709; x_wconf 80' lang='lat' dir='ltr'>Episcopi</span> <span class='ocrx_word' id='word_1_37' title='bbox 1188 645 1399 709; x_wconf 81' lang='lat' dir='ltr'>exigitur</span> <span class='ocrx_word' id='word_1_38' title='bbox 1437 647 1560 701; x_wconf 85' lang='lat' dir='ltr'><strong>Sen-</strong></span> 
     </span>
    </p>

    <p class='ocr_par' dir='ltr' id='par_1_3' title="bbox 125 711 1620 1655">
     <span class='ocr_line' id='line_1_8' title="bbox 126 711 1561 790; baseline 0.001 -28"><span class='ocrx_word' id='word_1_39' title='bbox 126 715 280 764; x_wconf 84' lang='lat' dir='ltr'><strong>tentia</strong></span> <span class='ocrx_word' id='word_1_40' title='bbox 313 713 507 763; x_wconf 84' lang='lat' dir='ltr'><strong>Judicis</strong></span> <span class='ocrx_word' id='word_1_41' title='bbox 527 712 746 790; x_wconf 78' lang='lat' dir='ltr'><strong>juridice</strong></span> <span class='ocrx_word' id='word_1_42' title='bbox 782 711 1067 776; x_wconf 80' lang='lat' dir='ltr'><strong>significata</strong></span> <span class='ocrx_word' id='word_1_43' title='bbox 1141 713 1192 761; x_wconf 86' lang='lat' dir='ltr'><strong>si</strong></span> <span class='ocrx_word' id='word_1_44' title='bbox 1228 729 1346 761; x_wconf 87' lang='lat' dir='ltr'><strong>vero</strong></span> <span class='ocrx_word' id='word_1_45' title='bbox 1382 730 1461 764; x_wconf 78' lang='lat' dir='ltr'><strong>res</strong></span> <span class='ocrx_word' id='word_1_46' title='bbox 1493 713 1561 763; x_wconf 87' lang='lat' dir='ltr'><strong>ad</strong></span> 
     </span>
     <span class='ocr_line' id='line_1_9' title="bbox 125 773 1563 840; baseline 0.001 -10"><span class='ocrx_word' id='word_1_47' title='bbox 125 782 284 831; x_wconf 84' lang='lat' dir='ltr'><strong>forum</strong></span> <span class='ocrx_word' id='word_1_48' title='bbox 318 780 680 832; x_wconf 78' lang='lat' dir='ltr'><strong>contentiosum</strong></span> <span class='ocrx_word' id='word_1_49' title='bbox 739 780 904 832; x_wconf 82' lang='lat' dir='ltr'><strong>delata</strong></span> <span class='ocrx_word' id='word_1_50' title='bbox 959 779 1125 840; x_wconf 87' lang='lat' dir='ltr'><strong>fuerit,</strong></span> <span class='ocrx_word' id='word_1_51' title='bbox 1185 773 1438 835; x_wconf 81' lang='lat' dir='ltr'><strong>dubitatur</strong></span> <span class='ocrx_word' id='word_1_52' title='bbox 1493 798 1563 832; x_wconf 79' lang='lat' dir='ltr'><strong>an</strong></span> 
     </span>
     <span class='ocr_line' id='line_1_10' title="bbox 127 847 1562 914; baseline 0 -16"><span class='ocrx_word' id='word_1_53' title='bbox 127 849 339 914; x_wconf 83' lang='lat' dir='ltr'><strong>simplex</strong></span> <span class='ocrx_word' id='word_1_54' title='bbox 373 851 435 902; x_wconf 76' lang='lat' dir='ltr'><strong>ab</strong></span> <span class='ocrx_word' id='word_1_55' title='bbox 470 848 778 914; x_wconf 79' lang='lat' dir='ltr'><strong>oppositione</strong></span> <span class='ocrx_word' id='word_1_56' title='bbox 813 847 1048 901; x_wconf 82' lang='lat' dir='ltr'><strong>discessio</strong></span> <span class='ocrx_word' id='word_1_57' title='bbox 1082 847 1304 906; x_wconf 85' lang='lat' dir='ltr'><strong>sufficiat,</strong></span> <span class='ocrx_word' id='word_1_58' title='bbox 1362 865 1427 898; x_wconf 81' lang='lat' dir='ltr'><strong>an</strong></span> <span class='ocrx_word' id='word_1_59' title='bbox 1459 865 1562 910; x_wconf 84' lang='lat' dir='ltr'><strong>non</strong></span> 
     </span>
     <span class='ocr_line' id='line_1_11' title="bbox 126 915 1561 981; baseline 0.002 -17"><span class='ocrx_word' id='word_1_60' title='bbox 126 917 404 981; x_wconf 82' lang='lat' dir='ltr'><strong>requiratur</strong></span> <span class='ocrx_word' id='word_1_61' title='bbox 437 916 732 980; x_wconf 74' lang='lat' dir='ltr'><strong>significatio</strong></span> <span class='ocrx_word' id='word_1_62' title='bbox 776 915 1042 969; x_wconf 80' lang='lat' dir='ltr'><strong>Sententiae</strong></span> <span class='ocrx_word' id='word_1_63' title='bbox 1078 932 1176 980; x_wconf 84' lang='lat' dir='ltr'><strong>qua</strong></span> <span class='ocrx_word' id='word_1_64' title='bbox 1208 915 1561 967; x_wconf 79' lang='lat' dir='ltr'><strong>intercessores</strong></span> 
     </span>
     <span class='ocr_line' id='line_1_12' title="bbox 127 983 1562 1049; baseline -0.001 -16"><span class='ocrx_word' id='word_1_65' title='bbox 127 1001 158 1033; x_wconf 83' lang='lat' dir='ltr'><strong>a</strong></span> <span class='ocrx_word' id='word_1_66' title='bbox 191 1000 280 1034; x_wconf 85' lang='lat' dir='ltr'><strong>sua</strong></span> <span class='ocrx_word' id='word_1_67' title='bbox 313 983 624 1049; x_wconf 82' lang='lat' dir='ltr'><strong>oppositione</strong></span> <span class='ocrx_word' id='word_1_68' title='bbox 658 984 869 1045; x_wconf 81' lang='lat' dir='ltr'><strong>dejecti</strong></span> <span class='ocrx_word' id='word_1_69' title='bbox 885 984 999 1033; x_wconf 87' lang='lat' dir='ltr'><strong>sint.</strong></span> <span class='ocrx_word' id='word_1_70' title='bbox 1094 983 1426 1038; x_wconf 78' lang='lat' dir='ltr'><strong>Quaestionem</strong></span> <span class='ocrx_word' id='word_1_71' title='bbox 1463 985 1562 1033; x_wconf 83' lang='lat' dir='ltr'><strong>sol·-</strong></span> 
     </span>
     <span class='ocr_line' id='line_1_13' title="bbox 126 1051 1561 1116; baseline 0.003 -19"><span class='ocrx_word' id='word_1_72' title='bbox 126 1068 243 1109; x_wconf 83' lang='lat' dir='ltr'><strong>vere</strong></span> <span class='ocrx_word' id='word_1_73' title='bbox 283 1053 428 1100; x_wconf 84' lang='lat' dir='ltr'><strong>nobis</strong></span> <span class='ocrx_word' id='word_1_74' title='bbox 455 1052 652 1102; x_wconf 83' lang='lat' dir='ltr'><strong>videtur</strong></span> <span class='ocrx_word' id='word_1_75' title='bbox 708 1067 919 1115; x_wconf 85' lang='lat' dir='ltr'><strong>sequens</strong></span> <span class='ocrx_word' id='word_1_76' title='bbox 980 1053 1153 1115; x_wconf 76' lang='lat' dir='ltr'><strong>regula</strong></span> <span class='ocrx_word' id='word_1_77' title='bbox 1192 1067 1359 1116; x_wconf 85' lang='lat' dir='ltr'><strong>quam</strong></span> <span class='ocrx_word' id='word_1_78' title='bbox 1419 1051 1561 1102; x_wconf 80' lang='lat' dir='ltr'><strong>affert</strong></span> 
     </span>
     <span class='ocr_line' id='line_1_14' title="bbox 128 1118 1562 1196; baseline -0.001 -28"><span class='ocrx_word' id='word_1_79' title='bbox 128 1119 390 1171; x_wconf 67' lang='lat' dir='ltr'><strong>Callemus:</strong></span> <span class='ocrx_word' id='word_1_80' title='bbox 427 1118 642 1196; x_wconf 71' lang='lat' dir='ltr'><strong>Quoties</strong></span> <span class='ocrx_word' id='word_1_81' title='bbox 692 1118 934 1177; x_wconf 85' lang='lat' dir='ltr'><strong>nimirum,</strong></span> <span class='ocrx_word' id='word_1_82' title='bbox 992 1119 1167 1182; x_wconf 86' lang='lat' dir='ltr'><strong>inquit,</strong></span> <span class='ocrx_word' id='word_1_83' title='bbox 1227 1118 1402 1184; x_wconf 85' lang='lat' dir='ltr'><strong>aliquis</strong></span> <span class='ocrx_word' id='word_1_84' title='bbox 1458 1135 1562 1171; x_wconf 77' lang='lat' dir='ltr'><strong>ma-</strong></span> 
     </span>
     <span class='ocr_line' id='line_1_15' title="bbox 128 1185 1563 1251; baseline 0.001 -17"><span class='ocrx_word' id='word_1_85' title='bbox 128 1185 354 1235; x_wconf 88' lang='lat' dir='ltr'><strong>trimonio</strong></span> <span class='ocrx_word' id='word_1_86' title='bbox 391 1186 584 1249; x_wconf 83' lang='lat' dir='ltr'><strong>obsistit</strong></span> <span class='ocrx_word' id='word_1_87' title='bbox 617 1187 666 1233; x_wconf 82' lang='lat' dir='ltr'><strong>in</strong></span> <span class='ocrx_word' id='word_1_88' title='bbox 723 1186 930 1250; x_wconf 77' lang='lat' dir='ltr'><strong>gratiam</strong></span> <span class='ocrx_word' id='word_1_89' title='bbox 981 1186 1106 1249; x_wconf 78' lang='lat' dir='ltr'><strong>juris</strong></span> <span class='ocrx_word' id='word_1_90' title='bbox 1165 1187 1245 1235; x_wconf 88' lang='lat' dir='ltr'><strong>cui</strong></span> <span class='ocrx_word' id='word_1_91' title='bbox 1280 1185 1563 1251; x_wconf 84' lang='lat' dir='ltr'><strong>renuntiare</strong></span> 
     </span>
     <span class='ocr_line' id='line_1_16' title="bbox 126 1253 1620 1318; baseline 0.001 -16"><span class='ocrx_word' id='word_1_92' title='bbox 126 1263 307 1317; x_wconf 86' lang='lat' dir='ltr'><strong>potest,</strong></span> <span class='ocrx_word' id='word_1_93' title='bbox 344 1263 398 1302; x_wconf 86' lang='lat' dir='ltr'><strong>ut</strong></span> <span class='ocrx_word' id='word_1_94' title='bbox 441 1263 596 1310; x_wconf 80' lang='lat' dir='ltr'><strong>mater</strong></span> <span class='ocrx_word' id='word_1_95' title='bbox 633 1270 738 1316; x_wconf 85' lang='lat' dir='ltr'><strong>quae</strong></span> <span class='ocrx_word' id='word_1_96' title='bbox 782 1271 1072 1313; x_wconf 83' lang='lat' dir='ltr'><strong>consensum</strong></span> <span class='ocrx_word' id='word_1_97' title='bbox 1108 1271 1250 1302; x_wconf 88' lang='lat' dir='ltr'><strong>suum</strong></span> <span class='ocrx_word' id='word_1_98' title='bbox 1275 1264 1561 1318; x_wconf 82' lang='lat' dir='ltr'><strong>negaverat,</strong></span> <span class='ocrx_word' id='word_1_99' title='bbox 1618 1253 1620 1255; x_wconf 61' lang='grc'><strong>’</strong></span> 
     </span>
     <span class='ocr_line' id='line_1_17' title="bbox 127 1321 1563 1384; baseline 0.001 -16"><span class='ocrx_word' id='word_1_100' title='bbox 127 1321 305 1372; x_wconf 81' lang='lat' dir='ltr'><strong>sufficit</strong></span> <span class='ocrx_word' id='word_1_101' title='bbox 328 1321 541 1373; x_wconf 79' lang='lat' dir='ltr'><strong>recessio</strong></span> <span class='ocrx_word' id='word_1_102' title='bbox 563 1321 773 1384; x_wconf 79' lang='lat' dir='ltr'><strong>simplex</strong></span> <span class='ocrx_word' id='word_1_103' title='bbox 813 1338 977 1369; x_wconf 82' lang='lat' dir='ltr'><strong>coram</strong></span> <span class='ocrx_word' id='word_1_104' title='bbox 1022 1322 1228 1374; x_wconf 84' lang='lat' dir='ltr'><strong>Notario</strong></span> <span class='ocrx_word' id='word_1_105' title='bbox 1267 1321 1414 1379; x_wconf 82' lang='lat' dir='ltr'><strong>facta,</strong></span> <span class='ocrx_word' id='word_1_106' title='bbox 1446 1321 1563 1370; x_wconf 85' lang='lat' dir='ltr'><strong>rite-</strong></span> 
     </span>
     <span class='ocr_line' id='line_1_18' title="bbox 131 1388 1562 1454; baseline 0.001 -17"><span class='ocrx_word' id='word_1_107' title='bbox 131 1406 226 1452; x_wconf 90' lang='lat' dir='ltr'><strong>que</strong></span> <span class='ocrx_word' id='word_1_108' title='bbox 246 1389 498 1454; x_wconf 79' lang='lat' dir='ltr'><strong>intimata:</strong></span> <span class='ocrx_word' id='word_1_109' title='bbox 535 1390 728 1453; x_wconf 89' lang='lat' dir='ltr'><strong>quoties</strong></span> <span class='ocrx_word' id='word_1_110' title='bbox 754 1404 867 1436; x_wconf 87' lang='lat' dir='ltr'><strong>vero</strong></span> <span class='ocrx_word' id='word_1_111' title='bbox 893 1388 1001 1453; x_wconf 88' lang='lat' dir='ltr'><strong>quis</strong></span> <span class='ocrx_word' id='word_1_112' title='bbox 1024 1390 1216 1437; x_wconf 88' lang='lat' dir='ltr'><strong>obsistit</strong></span> <span class='ocrx_word' id='word_1_113' title='bbox 1254 1389 1562 1443; x_wconf 86' lang='lat' dir='ltr'><strong>matrimonio</strong></span> 
     </span>
     <span class='ocr_line' id='line_1_19' title="bbox 129 1456 1568 1521; baseline 0.004 -19"><span class='ocrx_word' id='word_1_114' title='bbox 129 1457 177 1503; x_wconf 85' lang='lat' dir='ltr'><strong>in</strong></span> <span class='ocrx_word' id='word_1_115' title='bbox 227 1457 432 1521; x_wconf 85' lang='lat' dir='ltr'><strong>gratiam</strong></span> <span class='ocrx_word' id='word_1_116' title='bbox 470 1456 790 1515; x_wconf 75' lang='lat' dir='ltr'><strong>sacramenti,</strong></span> <span class='ocrx_word' id='word_1_117' title='bbox 849 1467 902 1504; x_wconf 88' lang='lat' dir='ltr'><strong>ut</strong></span> <span class='ocrx_word' id='word_1_118' title='bbox 939 1456 977 1504; x_wconf 89' lang='lat' dir='ltr'><strong>si</strong></span> <span class='ocrx_word' id='word_1_119' title='bbox 1014 1456 1123 1521; x_wconf 87' lang='lat' dir='ltr'><strong>quis</strong></span> <span class='ocrx_word' id='word_1_120' title='bbox 1158 1456 1440 1505; x_wconf 85' lang='lat' dir='ltr'><strong>affinitatem</strong></span> <span class='ocrx_word' id='word_1_121' title='bbox 1476 1467 1568 1511; x_wconf 82' lang='lat' dir='ltr'><strong>aut</strong></span> 
     </span>
     <span class='ocr_line' id='line_1_20' title="bbox 130 1524 1562 1587; baseline 0 -16"><span class='ocrx_word' id='word_1_122' title='bbox 130 1535 297 1577; x_wconf 81' lang='lat' dir='ltr'><strong>votum</strong></span> <span class='ocrx_word' id='word_1_123' title='bbox 334 1524 570 1574; x_wconf 76' lang='lat' dir='ltr'><strong>castitatis</strong></span> <span class='ocrx_word' id='word_1_124' title='bbox 600 1540 634 1572; x_wconf 84' lang='lat' dir='ltr'><strong>a</strong></span> <span class='ocrx_word' id='word_1_125' title='bbox 690 1534 903 1587; x_wconf 82' lang='lat' dir='ltr'><strong>nupturo</strong></span> <span class='ocrx_word' id='word_1_126' title='bbox 954 1525 1182 1579; x_wconf 86' lang='lat' dir='ltr'><strong>emissum</strong></span> <span class='ocrx_word' id='word_1_127' title='bbox 1220 1524 1562 1582; x_wconf 75' lang='lat' dir='ltr'><strong>declaraverit,</strong></span> 
     </span>
     <span class='ocr_line' id='line_1_21' title="bbox 132 1585 1564 1655; baseline 0.002 -18"><span class='ocrx_word' id='word_1_128' title='bbox 132 1593 390 1655; x_wconf 85' lang='lat' dir='ltr'><strong>requiritur</strong></span> <span class='ocrx_word' id='word_1_129' title='bbox 418 1591 672 1641; x_wconf 79' lang='lat' dir='ltr'><strong>Sententia</strong></span> <span class='ocrx_word' id='word_1_130' title='bbox 695 1591 887 1640; x_wconf 64' lang='lat' dir='ltr'><strong>‚Iudicis</strong></span> <span class='ocrx_word' id='word_1_131' title='bbox 912 1590 1003 1638; x_wconf 87' lang='lat' dir='ltr'><strong>rite</strong></span> <span class='ocrx_word' id='word_1_132' title='bbox 1029 1591 1317 1654; x_wconf 84' lang='lat' dir='ltr'><strong>significata.</strong></span> <span class='ocrx_word' id='word_1_133' title='bbox 1403 1585 1564 1643; x_wconf 76' lang='lat' dir='ltr'><strong>Caete-</strong></span> 
     </span>
    </p>

    <p class='ocr_par' dir='ltr' id='par_1_4' title="bbox 132 1658 1360 1724">
     <span class='ocr_line' id='line_1_22' title="bbox 132 1658 1360 1724; baseline 0.002 -20"><span class='ocrx_word' id='word_1_134' title='bbox 132 1676 238 1708; x_wconf 82' lang='lat' dir='ltr'><strong>rum</strong></span> <span class='ocrx_word' id='word_1_135' title='bbox 265 1659 326 1707; x_wconf 88' lang='lat' dir='ltr'><strong>de</strong></span> <span class='ocrx_word' id='word_1_136' title='bbox 351 1660 424 1707; x_wconf 83' lang='lat' dir='ltr'><strong>his</strong></span> <span class='ocrx_word' id='word_1_137' title='bbox 448 1659 652 1724; x_wconf 85' lang='lat' dir='ltr'><strong>quisque</strong></span> <span class='ocrx_word' id='word_1_138' title='bbox 672 1659 897 1705; x_wconf 82' lang='lat' dir='ltr'><strong>locorum</strong></span> <span class='ocrx_word' id='word_1_139' title='bbox 916 1658 1081 1721; x_wconf 87' lang='lat' dir='ltr'><strong>Leges</strong></span> <span class='ocrx_word' id='word_1_140' title='bbox 1104 1667 1360 1722; x_wconf 77' lang='lat' dir='ltr'><strong>sequatur.</strong></span> 
     </span>
    </p>

    <p class='ocr_par' dir='ltr' id='par_1_5' title="bbox 130 1724 1567 2266">
     <span class='ocr_line' id='line_1_23' title="bbox 202 1724 1564 1790; baseline -0.001 -15"><span class='ocrx_word' id='word_1_141' title='bbox 202 1728 279 1777; x_wconf 88' lang='lat'><strong>7⁰·</strong></span> <span class='ocrx_word' id='word_1_142' title='bbox 317 1728 600 1775; x_wconf 85' lang='lat' dir='ltr'><strong>Notandum</strong></span> <span class='ocrx_word' id='word_1_143' title='bbox 641 1735 716 1774; x_wconf 83' lang='lat' dir='ltr'><strong>est</strong></span> <span class='ocrx_word' id='word_1_144' title='bbox 758 1740 837 1773; x_wconf 83' lang='lat' dir='ltr'><strong>an.</strong></span> <span class='ocrx_word' id='word_1_145' title='bbox 886 1727 1030 1777; x_wconf 80' lang='lat'>1778.</span> <span class='ocrx_word' id='word_1_146' title='bbox 1066 1725 1366 1790; x_wconf 83' lang='lat' dir='ltr'><strong>prohibitum</strong></span> <span class='ocrx_word' id='word_1_147' title='bbox 1409 1724 1564 1776; x_wconf 82' lang='lat' dir='ltr'><strong>fuisse</strong></span> 
     </span>
     <span class='ocr_line' id='line_1_24' title="bbox 131 1793 1562 1857; baseline 0 -14"><span class='ocrx_word' id='word_1_148' title='bbox 131 1812 160 1843; x_wconf 81' lang='lat' dir='ltr'><strong>a</strong></span> <span class='ocrx_word' id='word_1_149' title='bbox 198 1795 381 1847; x_wconf 79' lang='lat' dir='ltr'><strong>Senatu</strong></span> <span class='ocrx_word' id='word_1_150' title='bbox 421 1793 678 1848; x_wconf 85' lang='lat' dir='ltr'><strong>Parisiensi</strong></span> <span class='ocrx_word' id='word_1_151' title='bbox 729 1808 793 1847; x_wconf 81' lang='lat' dir='ltr'><strong>ne</strong></span> <span class='ocrx_word' id='word_1_152' title='bbox 829 1793 1003 1856; x_wconf 72' lang='lat' dir='ltr'><strong>quivis,</strong></span> <span class='ocrx_word' id='word_1_153' title='bbox 1058 1803 1235 1857; x_wconf 71' lang='lat' dir='ltr'><strong>praeter</strong></span> <span class='ocrx_word' id='word_1_154' title='bbox 1283 1802 1473 1857; x_wconf 85' lang='lat' dir='ltr'><strong>patrem</strong></span> <span class='ocrx_word' id='word_1_155' title='bbox 1508 1802 1562 1843; x_wconf 84' lang='lat' dir='ltr'><strong>et</strong></span> 
     </span>
     <span class='ocr_line' id='line_1_25' title="bbox 135 1860 1565 1920; baseline -0.003 -8"><span class='ocrx_word' id='word_1_156' title='bbox 135 1873 357 1920; x_wconf 80' lang='lat' dir='ltr'><strong>matrem,</strong></span> <span class='ocrx_word' id='word_1_157' title='bbox 392 1870 606 1913; x_wconf 85' lang='lat' dir='ltr'><strong>tutorem</strong></span> <span class='ocrx_word' id='word_1_158' title='bbox 642 1870 694 1911; x_wconf 85' lang='lat' dir='ltr'><strong>et</strong></span> <span class='ocrx_word' id='word_1_159' title='bbox 752 1870 1048 1918; x_wconf 81' lang='lat' dir='ltr'><strong>curatorem,</strong></span> <span class='ocrx_word' id='word_1_160' title='bbox 1108 1876 1324 1909; x_wconf 76' lang='lat' dir='ltr'><strong>sororem</strong></span> <span class='ocrx_word' id='word_1_161' title='bbox 1378 1871 1429 1909; x_wconf 89' lang='lat' dir='ltr'><strong>et</strong></span> <span class='ocrx_word' id='word_1_162' title='bbox 1466 1860 1565 1908; x_wconf 83' lang='lat' dir='ltr'><strong>fra.-</strong></span> 
     </span>
     <span class='ocr_line' id='line_1_26' title="bbox 132 1920 1565 1993; baseline -0.001 -16"><span class='ocrx_word' id='word_1_163' title='bbox 132 1941 272 1988; x_wconf 71' lang='lat' dir='ltr'><strong>trem,</strong></span> <span class='ocrx_word' id='word_1_164' title='bbox 310 1929 606 1989; x_wconf 82' lang='lat' dir='ltr'><strong>avunculum</strong></span> <span class='ocrx_word' id='word_1_165' title='bbox 632 1920 683 1976; x_wconf 76' lang='lat' dir='ltr'><strong>et</strong></span> <span class='ocrx_word' id='word_1_166' title='bbox 708 1928 920 1987; x_wconf 72' lang='lat' dir='ltr'><strong>amitam,</strong></span> <span class='ocrx_word' id='word_1_167' title='bbox 957 1927 1315 1991; x_wconf 87' lang='lat' dir='ltr'><strong>oppositionem</strong></span> <span class='ocrx_word' id='word_1_168' title='bbox 1348 1943 1565 1993; x_wconf 72' lang='lat' dir='ltr'><strong>appone-</strong></span> 
     </span>
     <span class='ocr_line' id='line_1_27' title="bbox 130 1995 1565 2059; baseline 0 -15"><span class='ocrx_word' id='word_1_169' title='bbox 130 2007 205 2045; x_wconf 84' lang='lat' dir='ltr'><strong>ret</strong></span> <span class='ocrx_word' id='word_1_170' title='bbox 253 1995 568 2049; x_wconf 82' lang='lat' dir='ltr'><strong>matrimoniis</strong></span> <span class='ocrx_word' id='word_1_171' title='bbox 625 2005 711 2044; x_wconf 83' lang='lat' dir='ltr'><strong>aut</strong></span> <span class='ocrx_word' id='word_1_172' title='bbox 768 1996 1039 2048; x_wconf 81' lang='lat' dir='ltr'><strong>bannorum</strong></span> <span class='ocrx_word' id='word_1_173' title='bbox 1097 1996 1565 2059; x_wconf 79' lang='lat' dir='ltr'><strong>proclamationibus</strong></span> 
     </span>
     <span class='ocr_line' id='line_1_28' title="bbox 131 2062 1567 2128; baseline 0 -16"><span class='ocrx_word' id='word_1_174' title='bbox 131 2069 365 2126; x_wconf 78' lang='lat' dir='ltr'><strong>majorum</strong></span> <span class='ocrx_word' id='word_1_175' title='bbox 402 2073 487 2115; x_wconf 83' lang='lat' dir='ltr'><strong>aut</strong></span> <span class='ocrx_word' id='word_1_176' title='bbox 522 2063 777 2120; x_wconf 83' lang='lat' dir='ltr'><strong>minorum,</strong></span> <span class='ocrx_word' id='word_1_177' title='bbox 839 2062 929 2116; x_wconf 79' lang='lat' dir='ltr'><strong>nisi</strong></span> <span class='ocrx_word' id='word_1_178' title='bbox 986 2072 1150 2112; x_wconf 86' lang='lat' dir='ltr'><strong>tamen</strong></span> <span class='ocrx_word' id='word_1_179' title='bbox 1201 2062 1445 2128; x_wconf 85' lang='lat' dir='ltr'><strong>oppositio</strong></span> <span class='ocrx_word' id='word_1_180' title='bbox 1478 2062 1567 2112; x_wconf 82' lang='lat' dir='ltr'><strong>fiat</strong></span> 
     </span>
     <span class='ocr_line' id='line_1_29' title="bbox 132 2129 1567 2208; baseline 0.003 -31"><span class='ocrx_word' id='word_1_181' title='bbox 132 2140 332 2208; x_wconf 75' lang='lat' dir='ltr'><strong>propter</strong></span> <span class='ocrx_word' id='word_1_182' title='bbox 356 2130 757 2207; x_wconf 73' lang='lat' dir='ltr'><strong>impedimentum</strong></span> <span class='ocrx_word' id='word_1_183' title='bbox 784 2129 1031 2189; x_wconf 86' lang='lat' dir='ltr'><strong>dirimens,</strong></span> <span class='ocrx_word' id='word_1_184' title='bbox 1072 2146 1171 2197; x_wconf 90' lang='lat' dir='ltr'><strong>quo</strong></span> <span class='ocrx_word' id='word_1_185' title='bbox 1196 2131 1246 2180; x_wconf 83' lang='lat' dir='ltr'><strong>in</strong></span> <span class='ocrx_word' id='word_1_186' title='bbox 1271 2146 1391 2188; x_wconf 85' lang='lat' dir='ltr'><strong>casu</strong></span> <span class='ocrx_word' id='word_1_187' title='bbox 1415 2140 1567 2189; x_wconf 78' lang='lat' dir='ltr'><strong>causa</strong></span> 
     </span>
     <span class='ocr_line' id='line_1_30' title="bbox 133 2197 1401 2266; baseline 0 -20"><span class='ocrx_word' id='word_1_188' title='bbox 133 2199 225 2250; x_wconf 84' lang='lat' dir='ltr'><strong>erit</strong></span> <span class='ocrx_word' id='word_1_189' title='bbox 251 2197 606 2266; x_wconf 74' lang='lat' dir='ltr'><strong>exprimenda</strong></span> <span class='ocrx_word' id='word_1_190' title='bbox 588 2214 643 2250; x_wconf 84' lang='grc' dir='ltr'><strong>ιιι</strong></span> <span class='ocrx_word' id='word_1_191' title='bbox 667 2197 1037 2247; x_wconf 82' lang='lat' dir='ltr'><strong>denuntiatione</strong></span> <span class='ocrx_word' id='word_1_192' title='bbox 1064 2197 1401 2262; x_wconf 88' lang='lat' dir='ltr'><strong>oppositionis.</strong></span> 
     </span>
    </p>

    <p class='ocr_par' dir='ltr' id='par_1_6' title="bbox 131 2265 1581 2450">
     <span class='ocr_line' id='line_1_31' title="bbox 207 2265 1581 2329; baseline 0 -15"><span class='ocrx_word' id='word_1_193' title='bbox 207 2267 399 2323; x_wconf 68' lang='lat' dir='ltr'><strong>Quaeres</strong></span> <span class='ocrx_word' id='word_1_194' title='bbox 422 2269 504 2314; x_wconf 81' lang='grc' dir='ltr'><strong>5ο</strong></span> <span class='ocrx_word' id='word_1_195' title='bbox 542 2266 604 2313; x_wconf 84' lang='lat' dir='ltr'><strong>ad</strong></span> <span class='ocrx_word' id='word_1_196' title='bbox 630 2266 773 2329; x_wconf 82' lang='lat' dir='ltr'><strong>quem</strong></span> <span class='ocrx_word' id='word_1_197' title='bbox 808 2265 840 2313; x_wconf 85' lang='lat' dir='ltr'><strong>J</strong></span> <span class='ocrx_word' id='word_1_198' title='bbox 846 2265 1038 2314; x_wconf 88' lang='lat' dir='ltr'><strong>ud1cem</strong></span> <span class='ocrx_word' id='word_1_199' title='bbox 1063 2266 1307 2328; x_wconf 74' lang='lat' dir='ltr'><strong>pertineat</strong></span> <span class='ocrx_word' id='word_1_200' title='bbox 1330 2266 1393 2315; x_wconf 88' lang='lat' dir='ltr'><strong>de</strong></span> <span class='ocrx_word' id='word_1_201' title='bbox 1417 2265 1567 2314; x_wconf 86' lang='lat' dir='ltr'><strong>inter·</strong></span> <span class='ocrx_word' id='word_1_202' title='bbox 1578 2325 1581 2328; x_wconf 26' lang='grc' dir='ltr'>Ι</span> 
     </span>
     <span class='ocr_line' id='line_1_32' title="bbox 133 2327 1568 2387; baseline -0.002 -3"><span class='ocrx_word' id='word_1_203' title='bbox 133 2327 431 2385; x_wconf 72' lang='lat' dir='ltr'><strong>cessionibus</strong></span> <span class='ocrx_word' id='word_1_204' title='bbox 452 2332 688 2387; x_wconf 74' lang='lat' dir='ltr'><strong>adversus</strong></span> <span class='ocrx_word' id='word_1_205' title='bbox 731 2332 1087 2385; x_wconf 79' lang='lat' dir='ltr'><strong>matrimonium</strong></span> <span class='ocrx_word' id='word_1_206' title='bbox 1130 2333 1276 2385; x_wconf 78' lang='lat' dir='ltr'><strong>factis</strong></span> <span class='ocrx_word' id='word_1_207' title='bbox 1311 2333 1568 2387; x_wconf 78' lang='lat' dir='ltr'><strong>Judicium</strong></span> 
     </span>
     <span class='ocr_line' id='line_1_33' title="bbox 131 2401 297 2450; baseline 0.006 -2"><span class='ocrx_word' id='word_1_208' title='bbox 131 2401 297 2450; x_wconf 80' lang='lat' dir='ltr'><strong>ferre?</strong></span> 
     </span>
    </p>

    <p class='ocr_par' dir='ltr' id='par_1_7' title="bbox 136 2467 1575 2654">
     <span class='ocr_line' id='line_1_34' title="bbox 202 2467 1568 2521; baseline 0.003 -7"><span class='ocrx_word' id='word_1_209' title='bbox 202 2471 267 2521; x_wconf 77' lang='lat' dir='ltr'><strong>R.</strong></span> <span class='ocrx_word' id='word_1_210' title='bbox 298 2467 574 2521; x_wconf 63' lang='lat' dir='ltr'><strong>,Saeculares</strong></span> <span class='ocrx_word' id='word_1_211' title='bbox 611 2468 737 2519; x_wconf 82' lang='lat' dir='ltr'><strong>inter</strong></span> <span class='ocrx_word' id='word_1_212' title='bbox 774 2478 824 2515; x_wconf 86' lang='lat' dir='ltr'><strong>et</strong></span> <span class='ocrx_word' id='word_1_213' title='bbox 862 2467 1240 2521; x_wconf 76' lang='lat' dir='ltr'><strong>Ecclesiasticos</strong></span> <span class='ocrx_word' id='word_1_214' title='bbox 1282 2484 1344 2518; x_wconf 90' lang='lat' dir='ltr'><strong>eo</strong></span> <span class='ocrx_word' id='word_1_215' title='bbox 1380 2468 1443 2518; x_wconf 84' lang='lat' dir='ltr'><strong>de</strong></span> <span class='ocrx_word' id='word_1_216' title='bbox 1479 2484 1568 2518; x_wconf 84' lang='lat' dir='ltr'><strong>ne-</strong></span> 
     </span>
     <span class='ocr_line' id='line_1_35' title="bbox 136 2534 1575 2603; baseline 0.001 -20"><span class='ocrx_word' id='word_1_217' title='bbox 136 2536 270 2599; x_wconf 78' lang='lat' dir='ltr'><strong>gotio</strong></span> <span class='ocrx_word' id='word_1_218' title='bbox 300 2550 539 2588; x_wconf 70' lang='lat' dir='ltr'><strong>‚summam</strong></span> <span class='ocrx_word' id='word_1_219' title='bbox 574 2551 682 2586; x_wconf 75' lang='lat' dir='ltr'><strong>esse</strong></span> <span class='ocrx_word' id='word_1_220' title='bbox 717 2535 872 2594; x_wconf 79' lang='lat' dir='ltr'><strong>litem,</strong></span> <span class='ocrx_word' id='word_1_221' title='bbox 908 2550 1018 2597; x_wconf 84' lang='lat' dir='ltr'><strong>quae</strong></span> <span class='ocrx_word' id='word_1_222' title='bbox 1052 2534 1124 2584; x_wconf 88' lang='lat' dir='ltr'><strong>sic</strong></span> <span class='ocrx_word' id='word_1_223' title='bbox 1159 2552 1304 2600; x_wconf 81' lang='lat' dir='ltr'><strong>posse</strong></span> <span class='ocrx_word' id='word_1_224' title='bbox 1336 2536 1575 2603; x_wconf 78' lang='lat' dir='ltr'><strong>componi</strong></span> 
     </span>
     <span class='ocr_line' id='line_1_36' title="bbox 136 2603 343 2654; baseline 0 -5"><span class='ocrx_word' id='word_1_225' title='bbox 136 2603 343 2654; x_wconf 73' lang='lat' dir='ltr'><strong>videtur.</strong></span> 
     </span>
    </p>

    <p class='ocr_par' dir='ltr' id='par_1_8' title="bbox 135 2668 1571 3003">
     <span class='ocr_line' id='line_1_37' title="bbox 210 2668 1570 2745; baseline 0.002 -29"><span class='ocrx_word' id='word_1_226' title='bbox 210 2674 287 2716; x_wconf 86' lang='lat'><strong>10·</strong></span> <span class='ocrx_word' id='word_1_227' title='bbox 308 2671 514 2721; x_wconf 85' lang='lat' dir='ltr'><strong>Certum</strong></span> <span class='ocrx_word' id='word_1_228' title='bbox 552 2679 626 2718; x_wconf 77' lang='lat' dir='ltr'><strong>est</strong></span> <span class='ocrx_word' id='word_1_229' title='bbox 648 2668 899 2745; x_wconf 80' lang='lat' dir='ltr'><strong>Judicium</strong></span> <span class='ocrx_word' id='word_1_230' title='bbox 937 2668 1405 2729; x_wconf 84' lang='lat' dir='ltr'><strong>ecclesiasticorum,</strong></span> <span class='ocrx_word' id='word_1_231' title='bbox 1430 2685 1570 2726; x_wconf 83' lang='lat' dir='ltr'><strong>nem-</strong></span> 
     </span>
     <span class='ocr_line' id='line_1_38' title="bbox 138 2736 1571 2802; baseline 0.002 -17"><span class='ocrx_word' id='word_1_232' title='bbox 138 2752 200 2801; x_wconf 85' lang='lat' dir='ltr'><strong>pe</strong></span> <span class='ocrx_word' id='word_1_233' title='bbox 234 2736 546 2794; x_wconf 78' lang='lat' dir='ltr'><strong>officialium,</strong></span> <span class='ocrx_word' id='word_1_234' title='bbox 584 2754 691 2790; x_wconf 77' lang='lat' dir='ltr'><strong>esse</strong></span> <span class='ocrx_word' id='word_1_235' title='bbox 727 2737 790 2786; x_wconf 84' lang='lat' dir='ltr'><strong>de</strong></span> <span class='ocrx_word' id='word_1_236' title='bbox 843 2736 899 2784; x_wconf 82' lang='lat' dir='ltr'><strong>iis</strong></span> <span class='ocrx_word' id='word_1_237' title='bbox 952 2737 1268 2801; x_wconf 73' lang='lat' dir='ltr'><strong>pronuntiate</strong></span> <span class='ocrx_word' id='word_1_238' title='bbox 1322 2755 1428 2802; x_wconf 84' lang='lat' dir='ltr'><strong>quae</strong></span> <span class='ocrx_word' id='word_1_239' title='bbox 1482 2739 1571 2801; x_wconf 62' lang='lat' dir='ltr'><strong>Say·</strong></span> 
     </span>
     <span class='ocr_line' id='line_1_39' title="bbox 137 2804 1569 2874; baseline 0.001 -21"><span class='ocrx_word' id='word_1_240' title='bbox 137 2814 439 2855; x_wconf 73' lang='lat' dir='ltr'><strong>crementum</strong></span> <span class='ocrx_word' id='word_1_241' title='bbox 477 2815 787 2874; x_wconf 60' lang='lat' dir='ltr'><strong>emungunt,</strong></span> <span class='ocrx_word' id='word_1_242' title='bbox 819 2822 868 2852; x_wconf 85' lang='lat' dir='ltr'>v</span> <span class='ocrx_word' id='word_1_243' title='bbox 906 2821 954 2868; x_wconf 84' lang='lat' dir='ltr'><strong>g.</strong></span> <span class='ocrx_word' id='word_1_244' title='bbox 991 2804 1054 2853; x_wconf 91' lang='lat' dir='ltr'><strong>de</strong></span> <span class='ocrx_word' id='word_1_245' title='bbox 1088 2804 1341 2866; x_wconf 72' lang='lat' dir='ltr'><strong>affinitate,</strong></span> <span class='ocrx_word' id='word_1_246' title='bbox 1392 2805 1569 2854; x_wconf 86' lang='lat' dir='ltr'><strong>hones·</strong></span> 
     </span>
     <span class='ocr_line' id='line_1_40' title="bbox 136 2868 1565 2939; baseline 0 -19"><span class='ocrx_word' id='word_1_247' title='bbox 136 2882 239 2921; x_wconf 83' lang='lat' dir='ltr'><strong>tate</strong></span> <span class='ocrx_word' id='word_1_248' title='bbox 297 2871 508 2938; x_wconf 80' lang='lat' dir='ltr'><strong>publiea,</strong></span> <span class='ocrx_word' id='word_1_249' title='bbox 561 2868 888 2935; x_wconf 59' lang='grc' dir='ltr'>ἑφοιι5ειίἰὶιιι5,</span> <span class='ocrx_word' id='word_1_250' title='bbox 925 2876 1016 2920; x_wconf 75' lang='grc' dir='ltr'>διο.</span> <span class='ocrx_word' id='word_1_251' title='bbox 1112 2873 1167 2921; x_wconf 83' lang='lat' dir='ltr'><strong>Si</strong></span> <span class='ocrx_word' id='word_1_252' title='bbox 1224 2875 1324 2939; x_wconf 69' lang='lat' dir='ltr'><strong>qais</strong></span> <span class='ocrx_word' id='word_1_253' title='bbox 1374 2872 1565 2928; x_wconf 70' lang='lat' dir='ltr'><strong>dixerit</strong></span> 
     </span>
     <span class='ocr_line' id='line_1_41' title="bbox 135 2938 1572 3003; baseline -0.004 -11"><span class='ocrx_word' id='word_1_254' title='bbox 135 2938 295 3003; x_wconf 72' lang='lat' dir='ltr'><strong>inquit</strong></span> <span class='ocrx_word' id='word_1_255' title='bbox 359 2938 653 2994; x_wconf 60' lang='lat' dir='ltr'><strong>Com-:iiim</strong></span> <span class='ocrx_word' id='word_1_256' title='bbox 696 2939 916 2991; x_wconf 73' lang='lat' dir='ltr'><strong>Tridenti</strong></span> <span class='ocrx_word' id='word_1_257' title='bbox 905 2956 1055 2999; x_wconf 67' lang='grc' dir='ltr'>ιιιιιιι,</span> <span class='ocrx_word' id='word_1_258' title='bbox 1113 2940 1277 2991; x_wconf 66' lang='lat' dir='ltr'><strong>Causas</strong></span> <span class='ocrx_word' id='word_1_259' title='bbox 1336 2940 1572 2989; x_wconf 53' lang='lat' dir='ltr'><strong>matrim&amp;</strong></span> 
     </span>
    </p>

    <p class='ocr_par' dir='ltr' id='par_1_9' title="bbox 792 3006 1568 3063">
     <span class='ocr_line' id='line_1_42' title="bbox 792 3006 1568 3063; baseline 0.001 -9.004"><span class='ocrx_word' id='word_1_260' title='bbox 792 3006 834 3063; x_wconf 68' lang='grc' dir='ltr'>Β</span> <span class='ocrx_word' id='word_1_261' title='bbox 874 3009 901 3054; x_wconf 76' lang='grc' dir='ltr'><strong>ι)</strong></span> <span class='ocrx_word' id='word_1_262' title='bbox 1424 3008 1568 3061; x_wconf 56' lang='grc' dir='ltr'><strong>Μαίη</strong></span> 
     </span>
    </p>
   </div>
  </div>
 </body>
</html>
