1846 3250
286 140 352 184 48
785 135 1218 189 TRACTATUS

284 286 448 320 sacros
487 271 587 320 sive
630 271 899 322 inferiores.
970 274 1071 322 Alii
1111 292 1229 324 vero
1267 277 1571 325 contendunt
1594 276 1706 325 sim-

283 340 437 403 plices
465 340 812 403 Praesbyteros,
851 358 914 390 ex
940 343 1277 392 commissione
1304 345 1537 393 Ecclesiae
1563 361 1704 408 posse

285 408 509 456 conferre
551 425 645 456 non
689 419 877 458 tanturn
914 411 1168 460 inferiores
1212 412 1301 470 sed
1348 413 1495 462 etiam
1537 428 1702 462 sacros

289 476 515 537 Ordines,
553 489 769 542 excepto
795 489 958 527 tamen
984 480 1290 544 episcopatu.

742 614 1170 664 PROPOSITIO
1208 616 1250 663 Ι.

292 749 429 799 Solus
453 750 710 817 Episcopus
737 751 1062 800 Ordinationis
1095 769 1243 800 sacrae
1267 753 1495 809 [Minister
1528 763 1594 803 est
1629 770 1705 802 or·

687 821 919 878 dinarius
955 836 1034 868 seu
1058 838 1114 869 ex
1137 821 1296 884 officio.

358 954 484 1004 Haec
508 954 776 1020 propositio
800 955 862 1003 ad
887 956 1085 1021 Dogma
1114 956 1342 1020 pertinet.

352 1024 499 1073 Proh.
530 1028 604 1071 10.
628 1041 685 1072 ex
706 1025 974 1090 Scripturas.
1066 1026 1157 1073 Ille
1181 1026 1313 1073 solus
1338 1034 1410 1073 est
1437 1023 1706 1075 ordinarius

282 1107 435 1140 sacrae
477 1092 808 1140 Ordinationis
853 1090 1096 1148 Minister,
1141 1094 1219 1141 cui
1253 1094 1340 1141 soli
1367 1093 1414 1140 in
1442 1093 1704 1158 Scripturis

285 1158 515 1207 tribuitur
554 1160 884 1208 Ordinationis
933 1161 1243 1210 conferendae
1284 1171 1530 1225 potestas:
1568 1160 1705 1224 atqui

285 1228 374 1276 soli
404 1228 655 1293 Episcopo
681 1245 787 1277 eam
816 1236 1111 1291 potestatem
1147 1230 1394 1294 assignant
1429 1230 1708 1293 Scripturae.

292 1295 372 1344 Sic
396 1307 489 1344 act.
513 1300 560 1345 6.
602 1297 829 1362 Apostoli
857 1297 1108 1346 Diaconos
1130 1314 1159 1346 a
1183 1297 1494 1346 multitudine
1519 1299 1705 1346 electos

286 1363 588 1414 ordinarunt.

352 1435 471 1482 Act.
502 1436 578 1481 14.
604 1450 648 1482 v.
676 1434 755 1480 22.
810 1433 990 1482 Paulus
1015 1443 1065 1482 et
1090 1435 1339 1482 Barnabas
1365 1433 1698 1498 Praesbyteros

281 1516 371 1565 per
415 1501 631 1565 singulas
677 1502 925 1549 Ecclesias
972 1503 1284 1550 constituisse
1335 1502 1580 1565 leguntur.
1674 1503 1698 1546 l

285 1568 499 1617 Timoth.
514 1574 562 1618 4.
587 1587 632 1618 v.
659 1573 735 1617 14.
772 1571 953 1619 Paulus
979 1568 1238 1619 Timotheo
1264 1569 1513 1635 Episcopo
1531 1583 1703 1618 manus

284 1635 572 1700 imposuisse
597 1637 791 1701 legitur.

352 1708 512 1760 Quam
536 1715 698 1761 autern
735 1714 1030 1769 potestatem
1053 1704 1141 1753 soli
1170 1704 1395 1771 Apostoli
1422 1703 1704 1753 exercuisse

286 1773 534 1836 leguntur,
571 1774 683 1822 solis
710 1773 966 1837 Episcopis
1002 1790 1032 1821 a
1065 1790 1118 1822 se
1155 1773 1431 1827 constitutis
1472 1782 1709 1821 exercen-

285 1842 395 1890 dam
424 1842 842 1897 commendarunt,
881 1852 933 1889 ut
957 1842 1135 1890 Paulus
1168 1848 1185 1891 l
1214 1842 1428 1890 Timoth.
1456 1847 1503 1890 5.
1524 1842 1706 1890 Manus

285 1911 375 1964 cito
413 1912 586 1960 nemini
624 1911 907 1986 imposueris.
978 1910 1041 1957 Et
1070 1911 1168 1958 Tit.
1208 1927 1316 1974 cap.
1346 1914 1388 1959 1.
1447 1909 1636 1974 Reliqui
1658 1916 1705 1956 te

293 1978 450 2027 Cretae
454 2014 556 2030 ......
562 1987 612 2027 ut
625 1979 877 2027 constituas
891 1995 981 2043 per
996 1979 1221 2028 Civitates
1236 1979 1575 2045 Praesbyter05‚
1591 1978 1710 2026 sicut

286 2054 331 2095 et
356 2064 439 2111 ego
468 2047 691 2111 disposui.

354 2114 504 2164 Prob-
529 2117 608 2161 20·
632 2132 688 2162 ex
717 2113 901 2162 Tradit.
926 2116 1002 2161 10·
1035 2116 1229 2163 Auctor
1255 2114 1516 2165 Constitut.
1544 2115 1706 2191 Apos-

288 2182 376 2232 tol.
400 2182 483 2230 lib.
514 2185 559 2229 3.
584 2198 627 2230 c.
660 2185 734 2231 11.
770 2183 1053 2239 Potestatem
1078 2201 1168 2232 non
1192 2184 1392 2241 domum,
1426 2179 1597 2245 inquit,
1623 2199 1705 2229 no-

285 2251 407 2300 mine
447 2249 777 2314 Apostolorum
807 2249 1123 2315 Praesbyteris
1159 2251 1410 2299 ordinandi
1447 2252 1703 2308 Diaconos,

288 2317 389 2424 velo
383 2321 598 2368 Lectores
621 2317 691 2366 vel
713 2317 1017 2374 Ministrosm
1025 2320 1160 2370 ...sed
1178 2317 1287 2367 solis
1310 2318 1564 2383 Episcopis

420 2387 639 2435 ·Canon
679 2385 975 2449 apostolicus
1019 2389 1059 2434 1.
1139 2386 1410 2450 Episcopus,
1448 2383 1618 2448 inquit,
1666 2403 1698 2433 a

286 2455 461 2504 duobus
506 2464 590 2503 aut
635 2454 805 2504 tribus!
827 2455 1097 2519 Episcopis
1119 2454 1376 2508 ordinetur,
1425 2452 1628 2518 Praesby
1630 2460 1702 2501 ter

289 2523 348 2572 ab
371 2539 464 2570 uno
487 2523 731 2589 Episcopo,
768 2524 874 2572 item
901 2522 1144 2579 Diaconus
1166 2529 1210 2569 et
1234 2519 1403 2586 reliqui
1430 2472 1628 2569 Οἰενὶοὲ9

361 2594 423 2639 30
462 2591 651 2639 Concil.
719 2589 1100 2638 Alexandrinum
1149 2592 1197 2636 4.
1256 2590 1437 2636 saeculo
1486 2588 1705 2637 habitum

289 2658 542 2722 Ischyram
572 2659 621 2725 S
653 2657 909 2706 Athanasii
931 2667 1264 2706 accusatorem
1292 2673 1456 2704 verum
1484 2657 1708 2721 Praesby·

291 2737 452 2774 terum
502 2741 597 2772 non
639 2726 785 2774 fuisse
824 2726 996 2788 probat
1033 2724 1165 2788 quod
1202 2740 1231 2772 a
1270 2724 1467 2773 Colluto
1501 2723 1706 2790 simplici

272 2794 621 2857 >Praesbytero,
658 2810 754 2842 non
782 2793 1044 2856 Episcopo,
1071 2791 1250 2840 fuisset
1275 2792 1540 2841 ordinatus.

360 2861 437 2910 4⁰.
475 2860 525 2908 S.
555 2861 886 2925 Hieronymus
936 2859 1092 2923 Epist.
1120 2863 1202 2908 85.
1238 2860 1301 2908 ad
1327 2860 1587 2924 Evagrium
1634 2857 1705 2905 sic

292 2929 360 2979 ait
380 2949 415 2988 :-
456 2929 583 2985 Quid
608 2930 757 2994 flacit,
811 2935 994 2993 excepta
1042 2928 1372 2990 Ordinatione,
1431 2928 1703 2993 Episcopus,

297 2998 421 3061 quod
442 2996 717 3062 Praesbyter
751 2995 1048 3061 nonfaciat?
1678 3062 1696 3098 7

1577 3064 1672 3111 Pro
1691 3080 1712 3097 ²>
