1846 3250
214 138 317 190 366
728 137 819 186 ΤΒ
826 138 1167 190 ACTATUS

216 269 526 320 trahentibus
551 271 790 335 apposita.
864 272 925 320 Si
941 250 1104 323 tamen
1129 273 1328 337 sincere
1349 283 1479 357 esset
1504 289 1654 339 appo-

219 338 328 394 sita,
364 355 461 390 non
480 339 668 387 valeret
702 339 1076 391 matrimonium.

291 406 357 453 R
382 407 449 454 ad
473 409 518 457 3.
540 407 661 457 dist.
722 407 846 461 Quis
868 418 1043 470 potest
1056 409 1181 473 cogi
1209 409 1273 457 ad
1296 409 1654 472 episcopatum,

223 472 390 530 idest,
431 473 672 522 Ecclesiae
715 485 966 551 praecepto
1009 477 1237 539 compelli
1267 487 1316 527 ut
1359 494 1423 526 ex
1456 477 1657 525 nolente

225 539 565 607 episcopatum
601 542 850 605 suscipere
875 543 959 591 fiat
995 545 1179 601 volens,
1216 561 1339 594 conc.
1378 544 1427 592 id
1454 554 1545 600 est,
1569 559 1657 606 po-

220 617 322 656 ,test
370 608 476 671 quis
520 610 798 671 Episcopus
855 610 959 658 fieri
1020 612 1207 666 nolens,
1245 629 1349 677 neg.
1422 612 1656 659 Similiter

218 672 473 726 ,ΕεεΙεείει
483 687 643 739 potest
669 678 879 742 aliquem
905 678 996 725 sub
1032 678 1249 726 censuris
1275 680 1571 740 compellere
1604 689 1658 726 ut

226 758 333 793 eam
375 744 559 793 ducere
579 745 695 792 velit
721 761 864 809 quam
883 745 1084 803 vitiavit,
1111 762 1207 794 non
1227 755 1390 793 autem
1412 756 1465 794 ut
1488 746 1663 793 nolens

220 826 334 862 eam
361 811 538 869 ducat;
574 829 667 860 nec
694 812 822 861 enim
848 812 1077 862 Ecclesia
1118 829 1383 863 consensus
1408 813 1661 862 defectum

225 878 467 930 ullatenus
485 881 715 942 supplere
740 890 919 943 potest.

202 1000 205 1002 ,
305 947 504 1005 Quaeres
542 952 616 994 10.
657 964 878 1011 quaenam
918 948 1223 997 conditiones
1265 948 1329 996 ad
1370 963 1663 997 consensum

223 1014 628 1063 matrimonialem
664 1016 1007 1078 requirantur
992 1017 1009 1050 >

219 1129 221 1133 ,
298 1081 365 1128 R.
415 1092 529 1130 octo
556 1082 862 1130 conditiones
910 1081 1107 1146 requiri,
1145 1081 1370 1130 nimirum
1419 1085 1461 1129 1.
1500 1092 1552 1130 ut
1599 1081 1662 1130 sit

226 1147 371 1206 liber,
406 1151 453 1196 2.
490 1159 543 1200 ut
578 1149 640 1197 sit
676 1160 889 1206 mutuus,
929 1155 972 1198 3.
1000 1160 1054 1197 ut
1089 1150 1150 1197 sit
1182 1166 1325 1197 verns
1362 1158 1414 1197 et
1441 1166 1539 1196 non
1573 1149 1660 1197 fic-

228 1226 322 1274 tus,
349 1219 467 1265 4..ut
491 1217 550 1264 sit
577 1217 640 1264 de
665 1217 907 1280 praesenti,
932 1223 979 1265 5.
1001 1227 1053 1264 ut
1077 1217 1140 1264 sit
1162 1216 1312 1279 signis
1337 1216 1549 1263 externis
1574 1231 1662 1264 ex·

224 1295 440 1348 pressus,
478 1299 577 1331 non
635 1300 768 1332 mere
803 1284 1038 1338 internus,
1076 1287 1124 1332 6.
1163 1293 1217 1330 ut
1254 1283 1316 1331 sit
1367 1283 1493 1331 inter
1551 1298 1662 1345 per-

225 1366 371 1399 sonas
408 1351 771 1411 determinatas‚
810 1352 857 1402 7.
895 1361 949 1399 ut
995 1350 1058 1399 sit
1104 1352 1231 1399 inter
1271 1366 1503 1415 personas
1538 1352 1663 1401 Jure

224 1418 428 1467 habiles.

304 1488 380 1534 10·
419 1485 706 1550 Requiritur
732 1495 786 1535 ut
820 1485 902 1535 ille
928 1502 1194 1535 consensus
1224 1485 1286 1534 sit
1321 1485 1460 1545 liber,
1495 1485 1546 1533 id
1571 1496 1666 1544 est,

226 1553 371 1604 datus
408 1571 518 1602 eum
545 1570 614 1604 ea
627 1554 855 1606 libertate
893 1565 943 1603 et
967 1554 1273 1603 advertentia
1311 1570 1417 1616 quae
1441 1554 1505 1602 ad
1544 1570 1664 1618 pec-

224 1630 394 1669 catum
420 1622 624 1670 mortale
649 1622 911 1679 sufficeret,
947 1622 1072 1670 adeo
1109 1632 1163 1669 ut
1197 1637 1359 1685 neque
1384 1638 1449 1669 ex
1480 1635 1666 1679 errore,

225 1704 389 1751 neque
413 1688 475 1746 vi,
501 1704 662 1752 neque
688 1698 839 1746 metu,
857 1705 1019 1751 neque
1045 1689 1092 1735 in
1118 1698 1260 1751 raptu
1286 1698 1670 1752 extorqueatur;

226 1772 342 1804 eum
385 1756 492 1806 haec
530 1756 692 1805 omnia
725 1756 1079 1807 matrimonium
1133 1755 1378 1813 dirimant,
1415 1765 1469 1804 ut
1521 1765 1668 1804 antea

225 1822 447 1872 vidimus.

294 1893 376 1938 20·
413 1889 702 1956 'Requiritur
744 1900 799 1940 ιιι
840 1891 925 1939 ine.
966 1906 1232 1939 consensus
1268 1889 1568 1949 sit‘mntuus,
1604 1900 1659 1938 nt

226 1958 352 2011 satis
369 1969 562 2007 constat
587 1976 653 2007 ex*
676 1958 1009 2024 propositione
1036 1958 1357 2022 praecedenti.

234 2072 238 2078 .
301 2029 375 2077 30·
413 2027 700 2090 Requiritur
743 2037 805 2076 ut
853 2026 913 2075 sit
950 2043 1110 2082 verus,
1162 2025 1397 2083 internus,
1459 2033 1509 2073 et
1565 2036 1664 2073 non

230 2093 394 2143 fictus·
453 2095 531 2146 Ita
554 2094 783 2158 permulti
810 2104 981 2145 contra
1005 2109 1206 2158 paucos,
1233 2092 1315 2157 qui
1342 2092 1666 2150 contendunt,

229 2161 320 2214 sed
342 2161 607 2217 immerito,
631 2178 937 2217 consensum!
949 2171 1207 2210 externum
1234 2160 1477 2212 suffieere.⁴
1543 2160 1664 2209 Pro>—

229 2229 375 2277 batur
394 2237 558 2279 autern
585 2229 788 2277 assertio
812 2233 1079 2276 nostra‘10·
1105 2245 1170 2277 ex
1195 2229 1398 2291 639361.
1419 2227 1483 2274 de
1509 2227 1666 2290 Spon-

228 2295 316 2345 sal.
365 2296 469 2347 Tua
506 2312 606 2344 nos.
646 2296 758 2345 Sine
779 2312 1000 2344 consensu
1037 2295 1185 2342 animi
1223 2302 1398 2342 coetera
1430 2301 1664 2357 nequeunt

209 2362 378 2429 foedus
397 2364 620 2428 perficere
642 2355 896 2428 conjugale.
933 2364 1014 2409 20·
1040 2360 1410 2409 Matrimonium
1432 2369 1505 2407 est
1521 2376 1664 2408 verus

234 2440 533 2488 contractus,
571 2440 645 2479 est
683 2430 929 2479 vinculum
958 2428 1112 2477 mutui
1138 2437 1188 2475 et
1213 2426 1438 2491 perpetui
1473 2427 1665 2483 amoris,

232 2507 308 2546 est
344 2498 613 2546 animorum
640 2497 939 2562 conjunctio,
978 2513 1086 2559 quae
1121 2494 1282 2545 omnia
1317 2510 1414 2542 non
1462 2503 1664 2557 possunt

190 2609 193 2617 .
228 2580 340 2626 'esse
364 2564 469 2613 sine
494 2581 733 2621 consensu
758 2581 872 2615 vero
898 2574 948 2612 et
971 2564 1183 2613 sincero.

235 2669 239 2681 ;
303 2631 442 2680 Hine
492 2635 570 2679 10·
608 2632 964 2682 matrimonium
1007 2631 1110 2680 sine
1148 2645 1387 2680 consensu
1422 2644 1552 2684 verce,
1591 2627 1664 2680 in,-

222 2708 393 2755 ‚terno,
420 2708 470 2745 et
493 2698 684 2747 sincero
722 2699 893 2755 initum
920 2714 1016 2748 non
1052 2698 1182 2745 valet
1206 2697 1254 2744 in
1278 2696 1387 2747 foro
1412 2694 1666 2748 conscien-

235 2766 330 2823 tiae',
368 2781 463 2814 nec
485 2765 690 2828 proinde
727 2767 807 2829 qui
833 2766 904 2815 sic
941 2765 1197 2821 contraxit,
1242 2764 1462 2811 debitum
1499 2767 1664 2824 conju·

236 2833 346 2896 gale
373 2832 578 2882 reddere
620 2833 697 2880 vel
735 2833 936 2894 exigere
978 2841 1140 2895 potest
1177 2830 1335 2879 donec
1372 2845 1665 2882 consensum

235 2917 401 2952 verum
419 2899 698 2968 praebuerit.
765 2899 824 2953 In
840 2899 945 2952 foro
966 2908 1128 2953 tamen
1155 2909 1361 2952 externo
1381 2897 1480 2946 sive
1502 2896 1666 2943 eccles

258 2998 264 3005 .
1466 2963 1660 3016 siastico
