1846 3250
77 0 207 7 --w-v-v-—rm

246 125 350 203 ‘2⁵70
745 154 1173 206 TRACTATus

317 293 396 338 3⁰·
435 286 486 336 Si
511 284 651 335 unius
676 299 761 336 aut
785 289 994 354 duplicis
1034 290 1180 339 banni
1223 290 1519 368 dispensatio
1549 307 1672 341 con·

247 371 387 406 cessa
419 354 529 412 fuit,
565 365 650 402 aut
708 358 1029 406 concedenda
1086 359 1407 422 praesumitur,
1442 360 1670 407 monendi

244 434 360 472 sunt
383 432 615 481 astanteS,
652 433 707 471 ut
749 424 849 473 cito
889 426 1106 474 revelent
1146 427 1227 490 qui
1252 426 1432 489 aliquid
1455 427 1674 475 revelan-

244 492 362 539 dum
386 500 583 537 norunt.
1519 527 1521 529 .

275 590 278 592 -
313 561 394 604 40·
430 557 545 604 Non
591 557 710 606 licet
744 570 980 623 nupturos
1015 560 1120 624 ipsa
1161 560 1538 622 denuntiationis
1574 561 1672 616 die,

243 624 337 672 nisi
373 625 1000 691 concesseritrEpiscopuffi
1059 627 1109 673 in
1149 626 1508 676 matrimonium
1555 645 1673 677 con-

236 698 466 755 jungere.

316 764 399 807 5⁰·
437 758 488 808 Si
539 757 942 822 impedimentum
1000 761 1199 824 aliquod
1256 761 1522 826 praesertim
1560 762 1673 810 diri·

243 843 402 883 mens,
439 827 672 891 quodque
727 828 836 875 foro
896 829 1203 877 contentioso
1263 830 1529 876 obnoxium
1566 846 1674 879 esse

242 894 414 959 possit,
464 904 606 942 extra
666 895 1035 943 confessionem
1098 896 1347 944 Parochus
1407 897 1671 954 detexerit,

243 977 512 1025 nupturum
571 963 805 1020 monebit,
864 962 982 1010 licet
1039 963 1078 1010 is
1138 963 1318 1012 invicte
1376 964 1472 1012 hoc
1530 981 1670 1012 suurn

239 1027 494 1077 vinculum
542 1030 752 1092 ignoret,
812 1030 991 1092 vixque
1051 1031 1197 1078 ullam
1257 1030 1482 1094 obsequii·
1510 1035 1673 1094 'spem

238 1096 442 1158 injiciat.

314 1167 380 1212 6⁰·
416 1162 697 1228 Diligenter
725 1180 755 1212 a
796 1166 984 1227 sponsis
1022 1181 1253 1229 eorumve
1300 1165 1675 1228 consanguineis

242 1230 524 1280 sciscitetur
585 1232 837 1279 Parochus
878 1249 940 1280 an
989 1233 1334 1281 contrahentes
1368 1233 1521 1280 libere
1558 1248 1675 1279 con-

241 1298 500 1355 senserint,
538 1314 600 1346 an
635 1299 770 1346 nullo
812 1299 1117 1362 cognationis
1156 1299 1506 1362 impedimento
1540 1295 1674 1347 labo'·

241 1376 372 1422 rent,
410 1381 471 1413 an
507 1366 612 1413 aliis
648 1365 1007 1414 matrimonium
1058 1383 1155 1413 non
1208 1365 1575 1430 spoponderint,
1612 1382 1674 1415 an

245 1432 387 1482 Fidei
412 1432 644 1498 mysteria
666 1432 762 1481 sint
786 1434 901 1482 satis
926 1435 1108 1493 edocti,
1146 1449 1208 1481 an
1231 1459 1233 1461 v
1255 1433 1472 1498 paschali
1513 1433 1674 1482 officio

239 1499 587 1550 satisfecerint.
1600 1526 1611 1528 ⁷<

316 1570 407 1618 70··
437 1569 559 1617 Cum
585 1569 854 1616 bannorum
893 1569 1198 1617 denuntiatio
1220 1569 1437 1617 ¹maximi
1476 1568 1536 1617 sit
1572 1585 1674 1617 mo-

244 1634 415 1691 menti,
452 1635 695 1683 neminem
747 1637 993 1684 Parochus
1032 1637 1337 1683 matrimonio
1375 1641 1676 1699 conjungere

203 1768 207 1771 ¹
246 1702 415 1756 debet,
451 1702 542 1750 nisi
575 1702 921 1751 testificatione
961 1703 1219 1750 sufficienti
1260 1715 1566 1766 compertum
1593 1704 1679 1751 ha-

245 1768 407 1818 buerit
466 1770 703 1831 eiusmodi
764 1772 1032 1819 bannorum
1093 1770 1510 1818 denuntiationem
1572 1771 1676 1817 sine

246 1837 557 1900 oppositiOne
591 1837 772 1885 factam
805 1837 957 1885 fuisse
986 1837 1040 1883 >in
1077 1837 1299 1885 omnibus
1335 1838 1454 1886 locis
1493 1838 1572 1884 ubi
1609 1853 1675 1885 ex

245 1905 444 1968 Legum
470 1905 763 1968 praescriptis
789 1905 894 1952 fieri
918 1905 1086 1952 debet.
1177 1905 1236 1952 Id
1283 1904 1571 1968 patet‚'sive
1609 1920 1674 1952 ex

244 1971 389 2035 praxi
416 1971 674 2020 universali
696 1991 711 2030 3
748 1973 849 2021 sive
887 1972 998 2035 quia
1036 1971 1087 2018 id
1109 1973 1329 2035 sequitur
1353 1988 1418 2019 ex
1444 1971 1677 2020 Conciliis

247 2039 305 2086 et*
328 2039 517 2087 Edictis
540 2040 704 2103 regiis,
741 2040 916 2103 quibus
962 2040 1071 2087 haec
1115 2039 1418 2087 denuntiatio
1459 2039 1679 2102 praescri-

246 2106 425 2163 bitur,
444 2105 545 2154 sive
571 2107 686 2169 quia
709 2108 827 2154 alias
856 2107 1105 2164 Parochus
1146 2106 1503 2154 matrimonium
1547 2106 1679 2154 cele-

246 2175 395 2221 brans
443 2184 580 2221 certo
617 2190 919 2236 cognoscere
960 2191 1058 2221 non
1116 2174 1297 2237 poterit
1332 2174 1513 2221 nullam
1551 2174 1674 2229 esse',

247 2241 298 2287 in
323 2240 445 2288 locis
473 2241 554 2288 ubi
579 2240 882 2288 denuntiatio
906 2241 1039 2288 facta
1064 2252 1155 2296 est,
1191 2241 1497 2287 matrimonio
1523 2256 1675 2303 oppo-

249 2307 493 2356 sitionem·
566 2309 637 2356 Ut
662 2318 825 2356 autem
866 2308 1109 2355 sufficiens
1148 2318 1405 2354 censeatur
1434 2307 1517 2353 ina
1540 2306 1679 2354 testi-

249 2375 432 2432 ficatio,
470 2374 660 2424 diversa
682 2375 993 2439 requiruntur
1017 2390 1105 2437 pro
1129 2373 1320 2420 diversa
1344 2373 1675 2421 Ecclesiarum

251 2443 524 2505 disciplina.
597 2443 676 2491 Ex
704 2459 792 2490 usu
818 2441 1155 2497 communiori,
1189 2441 1229 2487 si
1269 2450 1431 2516 partes
1473 2440 1675 2487 diversae

252 2511 349 2558 sint
374 2510 628 2568 Dioecesis,
665 2509 923 2572 requiritur
963 2508 1170 2556 Parochi
1211 2518 1323 2555 test
1314 2507 1492 2555 ficatio
1517 2507 1676 2569 sigillo

253 2577 489 2640 Episcopi
527 2594 616 2626 seu
640 2577 821 2625 Vicarii
859 2575 1116 2639 generalis,
1151 2576 1444 2623 autsaltem
1484 2574 1677 2622 Judicis

253 2655 339 2693 aut
364 2644 687 2707 Magistratus
727 2645 930 2692 munita.
1023 2642 1072 2691 Si
1099 2658 1214 2691 vero
1245 2652 1408 2706 partes
1431 2641 1527 2689 sint
1551 2646 1676 2702 ejus·

256 2710 369 2758 dem
420 2710 703 2787 Dioecesis,
741 2723 861 2759 tunc
893 2710 1043 2773 vulgo
1098 2709 1276 2758 sufficit
1331 2708 1612 2757 testificatio
1647 2723 1679 2755 a

256 2778 519 2826 Parocho
536 2778 618 2842 qui
669 2779 828 2826 banna
879 2776 1182 2825 denuntiavit
1238 2776 1528 2840 subscripta.
1622 2775 1673 2824 Si

256 2857 420 2894 tamen
446 2846 694 2893 Parochus
719 2846 800 2893 ille
823 2845 950 2892 foret
975 2845 1121 2907 longe
1148 2843 1358 2902 dissitus,
1395 2858 1489 2892 nec
1525 2842 1676 2907 ipsius

253 2912 547 2978 subscriptio
604 2922 1042 2977 recognosceretur
1098 2928 1126 2961 a
1170 2912 1393 2961 Parocbo
1415 2915 1567 2972 cujus
1597 2918 1676 2956 est

1301 2975 1668 3027 Matrimonium
