1846 3250
284 141 352 196 ’84
777 150 1202 202 TRACTATUS

255 284 353 333 ‚ad
371 293 530 332 sacros
562 284 766 335 Ordines
788 298 1174 351 promoveantur
1210 291 1305 336 nisi
1331 291 1575 337 necessitas
1606 295 1690 335 aut

282 351 511 400 Ecclesiae
534 355 718 403 utilitas
735 355 927 417 judicio
948 356 1182 421 Episcopi
1204 358 1344 404 aliud
1362 365 1590 419 exposcat.
1644 357 1646 359 ’

278 428 285 445 ³
352 419 437 468 De
477 421 812 480 Subdiaconis‚
850 427 997 473 c-13.
1032 425 1317 473 sic.liabet:
1368 425 1587 472 Promoti
1626 423 1693 468 ad

283 502 474 535 sacrum
497 489 861 539 subdiaconatus
888 493 1129 550 Ordinem,
1153 495 1195 540 εἰ
1208 511 1301 556 per
1324 509 1505 540 annum
1530 491 1690 538 saltem

285 557 338 601 in
355 571 406 603 eo
430 572 524 604 non
548 559 646 606 sint
665 561 853 617 versati,
877 562 945 607 ad
959 560 1101 608 altam
1102 578 1170 608 em
1189 562 1412 626 gradum,
1437 561 1532 606 nisi
1555 559 1694 606 aliud

283 621 525 688 Episcopo
547 628 779 686 videatur,
816 629 1061 676 ascendere
1084 645 1178 675 non
1200 632 1554 691 permittamur.

351 691 492 756 caps
518 696 594 743 14.
627 695 757 743 idem
784 697 1055 746 Concilium
1093 697 1293 760 requirit
1318 708 1371 744 ut
1398 693 1603 743 Diaconi
1640 693 1690 738 in

283 774 372 807 suo
397 760 583 810 Ordine
623 762 895 812 ministrent
936 766 1004 812 ad
1039 766 1197 812 minus
1228 782 1320 827 per
1359 779 1541 811 annum
1575 764 1689 808 inte-

278 843 437 888 9rum,
486 831 585 877 m‘si
622 830 679 878 ob
719 830 947 880 Ecclesiae
986 832 1234 881 utilitatem
1276 849 1334 879 ac
1379 833 1690 879 necessitatem

283 892 423 943 aliud
447 895 689 964 Episcopo
723 901 955 948 vzdeatur.

352 964 432 1012 Ex
457 965 632 1027 quibus
656 968 874 1032 sequitur
917 972 974 1016 1⁰.
1014 968 1226 1017 Ordines
1256 984 1351 1015 non
1377 967 1467 1016 nisi
1493 964 1693 1014 servatis

280 1029 567 1091 interstitiis,
604 1047 837 1099 quantum
863 1036 966 1085 fieri
997 1046 1173 1099 potest,
1212 1053 1317 1085 esse
1355 1034 1690 1083 conferendos,

280 1100 349 1146 2⁰·
399 1100 614 1166 Tempus
654 1104 1020 1153 interstitiorum
1060 1105 1186 1153 inter
1229 1105 1436 1151 minores
1479 1101 1689 1149 Ordines

279 1180 378 1215 non
400 1167 549 1219 fuisse
573 1187 603 1219 a
626 1171 778 1220 Cone.
798 1172 933 1220 Trid.
960 1173 1351 1228 determinatum,
1377 1171 1464 1219 sed
1491 1169 1692 1234 Episco-

280 1248 453 1299 porum
469 1238 660 1300 ⁸iudicio
684 1240 925 1289 relictum.
968 1242 1033 1287 3⁰·
1069 1240 1364 1318 Episcopum
1388 1254 1531 1303 posse
1557 1236 1695 1285 Dioe-

279 1319 513 1354 cesanum
548 1323 689 1355 suum
725 1308 784 1357 ab
820 1308 913 1356 illis
948 1309 1217 1356 interstitiis
1257 1309 1551 1371 dispensare,
1610 1304 1695 1352 sed

281 1371 439 1422 solum
475 1390 586 1422 cum
622 1374 672 1422 id
707 1376 946 1425 Ecclesiae
981 1376 1160 1425 utilitas
1200 1377 1277 1424 vel
1313 1374 1574 1423 necessitas
1611 1389 1692 1420 ex-

278 1441 456 1504 poscit,
480 1441 530 1490 id
555 1453 645 1502 est,
669 1458 780 1492 cum
807 1444 1040 1493 deficiunt
1068 1444 1296 1500 Ministri,
1322 1444 1399 1490 vel
1426 1458 1534 1491 cum
1551 1440 1694 1504 pauci

281 1518 395 1557 sunt
433 1509 612 1569 idonei,
665 1513 741 1560 vel
784 1528 896 1560 cum
938 1512 1248 1559 Ordinandus
1296 1511 1475 1559 eximia
1514 1510 1692 1557 virtute

281 1576 528 1640 praeditus,
557 1582 657 1639 J'am
682 1589 826 1627 aetate
852 1591 1110 1643 provectus
1136 1591 1226 1627 est.

352 1643 648 1707 Capitulum,
688 1646 816 1695 Sede
840 1658 1062 1704 vacante,
1097 1646 1277 1694 Vicarii
1305 1645 1582 1708 generales,
1610 1645 1692 1691 ab·

282 1720 421 1760 sente
453 1713 718 1777 Episcop0‚
755 1725 958 1778 possunt
998 1717 1057 1762 ab
1096 1713 1362 1762 interstitiis
1403 1712 1697 1774 dispensare,

280 1780 331 1826 in
356 1779 410 1828 iis
438 1790 598 1829 tamen
622 1783 829 1841 casibus,
865 1783 912 1829 in
956 1783 1129 1845 quibus
1153 1782 1254 1830 sive
1280 1779 1559 1845 Capitulum
1590 1779 1691 1826 sive

283 1840 514 1897 Vicarii
489 1850 743 1913 generales
773 1850 1057 1899 facultatem
1082 1850 1264 1898 habent
1288 1849 1500 1897 Litteras
1532 1846 1696 1894 dimis

281 1916 434 1965 serias
472 1917 793 1966 concedendi.
863 1919 940 1977 Ita
964 1917 1179 1966 definivit
1203 1933 1337 1965 sacra
1363 1915 1691 1979 Congregatio

286 1984 635 2043 Cardinalium,
672 1997 726 2034 ut
745 1975 909 2036 videre
934 1997 1006 2035 est
1032 1986 1163 2051 apud
1184 1985 1444 2043 Colletum‚
1471 1997 1586 2031 tom.
1616 1985 1690 2059 14.

285 2052 349 2099 de
375 2052 580 2101 Ordine.

355 2120 468 2168 Non
503 2131 707 2185 possunt
743 2133 906 2172 autem
952 2121 1235 2185 Superiores
1276 2121 1524 2185 regulares
1565 2120 1691 2166 hane

286 2187 696 2264 dispensationem
721 2190 817 2238 suis
842 2190 1099 2253 Religiosis
1124 2190 1412 2244 concedere
1439 2188 1507 2235 uti
1533 2186 1697 2233 decla-

284 2256 407 2304 ravit
432 2257 604 2305 eadem
629 2258 977 2323 Congregatio,
1013 2259 1218 2305 testibus
1244 2259 1489 2310 Quaranta
1513 2254 1575 2301 de
1602 2253 1694 2300 Or-

287 2324 418 2383 dine,
472 2336 521 2374 et
560 2325 792 2383 Barbosa,
828 2335 952 2390 part.
994 2327 1040 2371 2.
1086 2326 1144 2371 de
1181 2324 1335 2386 officio
1375 2331 1420 2369 ct
1457 2322 1693 2369 Potestate

285 2391 536 2456 Episcopi,
572 2394 768 2456 allegat.
840 2397 918 2441 18.
953 2392 1098 2443 Ratio
1132 2401 1221 2447 est,
1258 2390 1370 2455 quia
1400 2387 1693 2452 dispensatio

287 2460 390 2507 haec
406 2461 757 2526 Episcoporum
773 2461 959 2523 Judicio
977 2460 1147 2508 ielicta
1170 2468 1258 2506 est.
1294 2459 1511 2505 Abbates
1531 2468 1691 2504 tamen

286 2527 370 2590 qui
394 2529 601 2577 minores
627 2528 835 2577 Ordines
860 2527 1141 2576 conferendi
1165 2531 1243 2587 Jus
1269 2525 1465 2580 habent,
1491 2532 1691 2600 possunt

284 2593 476 2643 illorum
513 2596 754 2644 Ordinum
786 2595 1043 2645 interstitia
1078 2593 1381 2653 contrahere,
1423 2603 1505 2642 aut
1539 2592 1599 2640 ab
1635 2591 1690 2636 iis

289 2661 586 2725 dispensare.
820 2689 822 2692 v

291 2754 295 2756 -
357 2729 434 2777 Ex
473 2729 627 2779 dictis*
655 2740 792 2794 patet
833 2745 1040 2794 peccare
1081 2728 1292 2792 graviter
1332 2745 1415 2777 eos
1457 2726 1552 2791 qui,
1595 2740 1690 2773 non

288 2795 487 2846 servatis
522 2796 804 2853 interstitiis,
841 2815 931 2847 nec
968 2799 1167 2845 obtenta
1201 2797 1555 2861 dispensatione
1587 2809 1691 2856 pro

288 2863 380 2930 prii
399 2864 629 2929 Episcopi
647 2866 730 2929 qui
746 2866 877 2913 solus
894 2865 1023 2912 illam
1042 2864 1314 2913 concedere
1330 2873 1506 2929 potest,
1531 2876 1692 2909 sacros

290 2932 499 2987 Ordines
538 2933 822 2998 suscipiunt.
911 2932 1059 2981 Nulla
1094 2942 1257 2980 tamen
1298 2945 1503 2982 censura
1535 2929 1621 2975 ab
1635 2926 1693 2972 iis

1436 2993 1694 3044 incurritur
