1846 3250
630 154 726 203 DE
765 153 1055 202 ORDINE.
1483 161 1549 207 55

124 305 235 344 stat.
264 297 324 342 1⁰·
342 293 472 356 quia,
490 301 542 341 ut
561 300 762 340 annotat
781 289 1029 338 Hallerius
1054 300 1179 339 sect.
1209 295 1254 341 5.
1279 290 1339 339 de
1366 292 1540 342 Ordin.

124 374 213 419 art.
256 364 301 415 2.
343 377 443 425 par.
484 363 532 407 2.
596 358 946 409 Cis'tercienses
994 358 1215 407 Abbates
1264 360 1436 409 'saltem
1485 361 1534 408 in

124 430 275 480 Galiis
317 445 559 493 nunquam
601 427 684 476 tali
719 426 988 492 privilegiO,
1042 443 1133 474 nec
1178 439 1344 476 nost-ra
1389 440 1533 478 aetate

123 516 215 554 nec
265 509 454 562 patrum
502 507 776 544 nostrorum
822 493 1070 552 memoria,
1104 494 1176 543 usi
1224 507 1363 561 sunt3
1401 498 1533 561 qued

122 566 406 615 incredibile
435 577 524 623 est,
561 565 599 613 si
624 580 793 612 revera
816 579 1099 611 concessum
1125 562 1239 626 ipsis
1262 563 1428 613 fuerit.
1465 569 1531 614 20·

123 636 171 682 A
195 635 386 683 nemine
412 635 510 682 huc
553 649 705 710 usque
743 631 1077 681 authenticum
1105 631 1260 678 Bullae
1295 632 1422 680 illius
1447 650 1535 681 ex-

122 704 306 769 emplar
330 702 532 767 proferri
557 700 733 766 potuit,
770 716 863 747 nec
887 699 934 746 in
963 699 1176 747 Bullario
1204 700 1374 747 Romae
1400 703 1534 750 edito

122 788 216 819 nec
239 771 285 818 in
310 770 515 834 publicis
550 768 872 817 monumentis
913 767 1172 826 invenitur,
1209 769 1256 814 in
1283 770 1455 832 quibus
1485 771 1534 819 S.

124 839 414 887 Pontificum
443 837 826 888 Constitutiones
851 835 978 884 refei
983 846 1141 884 untur
1202 839 1277 883 30·
1304 837 1399 891 Qui
1427 854 1534 886 eam

125 908 316 956 Bullam
361 908 562 955 laudant
609 922 706 954 non
753 904 842 952 sibi
882 903 996 968 ipsis
1038 904 1363 952 consentiunt.
1435 906 1536 953 Alii

124 976 268 1031 enim,
306 986 360 1022 ut
386 974 604 1023 Victoria
626 975 676 1022 in
704 974 902 1023 Summa
927 974 1039 1019 355.
1078 982 1317 1020 testantur
1343 974 1402 1022 de
1428 975 1535 1028 solo

122 1044 474 1092 subdiaconatu
516 1053 566 1091 et
589 1038 895 1089 inferioribns
922 1039 1186 1088 Ordinibus
1223 1041 1269 1087 in
1309 1058 1368 1090 ea
1402 1059 1537 1091 men-

122 1113 302 1160 tionem
328 1111 448 1160 fieri.
519 1110 618 1158 Alii
659 1126 775 1157 vero
810 1120 1030 1157 asserunt
1055 1108 1202 1171 ipsius
1247 1109 1537 1159 diaconatus

124 1180 406 1228 conferendi
449 1189 739 1243 potestatem
765 1178 814 1224 in
840 1193 899 1225 ea
923 1176 1146 1225 concedi.
1215 1181 1298 1224 40·
1327 1179 1441 1226 Pius
1469 1180 1531 1225 V.

122 1259 320 1310 rogatus
367 1249 426 1296 ab
462 1248 737 1295 Abbatibus
765 1246 1307 1294 Praemonstratensibus
1345 1258 1396 1294 ut
1422 1246 1537 1311 ipsis

128 1316 461 1364 Subdiaconos
497 1314 747 1362 ordinandi
782 1313 1030 1361 licentiam
1069 1312 1275 1372 faceret,
1313 1316 1537 1363 absolute

124 1383 383 1438 recusavit,
420 1400 478 1430 ac
502 1383 550 1429 in
586 1382 850 1446 diplomate
888 1380 951 1427 ad
990 1397 1073 1427 eos
1116 1381 1258 1429 misso
1300 1382 1546 1445 privilegii

127 1451 530 1499 Cisterciensibus
557 1449 776 1498 concessi
801 1448 1079 1496 memoriam
1107 1447 1307 1508 faciens,
1346 1450 1407 1498 de
1432 1451 1539 1499 solo

125 1519 473 1572 sudeaconatu
499 1518 729 1580 loquitur.

192 1589 254 1637 R.
291 1587 364 1633 2⁰·
414 1587 463 1635 Si
489 1585 792 1650 privilegium
818 1584 911 1634 hoc
935 1599 1103 1632 revera
1124 1601 1414 1634 concessum
1443 1597 1534 1642 est,

124 1656 172 1703 in
200 1672 259 1703 eo
285 1654 492 1718 positum
536 1665 610 1702 est
652 1653 781 1717 quod
809 1653 1030 1700 Abbates
1057 1651 1407 1702 Cistercienses
1432 1654 1539 1702 Lit-

126 1737 254 1771 teras
289 1722 577 1784 dimissorias
600 1723 698 1769 suis
725 1720 982 1769 Monachis
1002 1721 1120 1768 dare
1139 1722 1323 1784 possint
1350 1733 1401 1769 ut
1422 1739 1539 1770 con-

126 1802 377 1840 secrentur
401 1807 429 1838 a
454 1791 671 1855 quolibet
701 1789 948 1853 Episcopo
975 1788 1219 1854 catholico
1243 1790 1373 1837 nulla
1399 1790 1538 1838 Dioe-

126 1861 307 1907 cesium
333 1871 414 1906 aut
443 1858 805 1906 provinciarum
841 1856 1007 1904 habita
1044 1855 1245 1913 ratione,
1281 1857 1430 1921 idque
1455 1858 1545 1906 de·-

128 1924 384 1975 clararu'nt'
412 1928 679 1987 eminentes
723 1921 1005 1973 cardinales
1032 1924 1237 1972 Concilii
1266 1925 1542 1973 Tridentini

129 1996 426 2057 Interpretes
451 2011 527 2041 an.
564 1997 705 2042 1592.
745 1993 842 2040 imo
885 1991 1110 2040 Clemens
1137 1993 1280 2040 VIII.
1320 1993 1367 2040 in
1396 1993 1540 2042 Bulla

129 2063 188 2110 acl
215 2062 560 2112 Cistercienses
585 2061 786 2112 directa.

562 2172 981 2246 PROPOSITIO
997 2192 1001 2195 ’
1017 2195 1115 2245 111.

133 2333 333 2398 Simplex
380 2333 662 2397 Praesbyter,
712 2325 951 2382 accedente
995 2330 1216 2382 Ecclesioe
1258 2331 1331 2381 vel
1371 2333 1541 2383 summi

142 2456 146 2461 .
195 2402 443 2466 Pontfficzs
464 2419 698 2458 consensu,
734 2401 939 2466 conferri
951 2408 1103 2465 potest
1131 2401 1178 2449 T
1174 2418 1406 2458 masuram,
1455 2404 1535 2448 mi-

196 2487 328 2517 nores
390 2469 601 2546 Ordines,
638 2470 728 2517 imo
785 2463 1189 2524 Subdiaconatum‚
1242 2485 1297 2517 ac
1338 2469 1537 2534 proinde

200 2536 385 2585 illorum
404 2538 601 2586 omnium
627 2537 852 2586 Minister
875 2544 940 2585 est
965 2536 1379 2585 extraordinarius.

198 2670 329 2719 Nota
368 2672 446 2720 hic
489 2670 803 2735 quaestionem
844 2687 950 2725 esse
993 2680 1180 2719 tantum
1217 2671 1279 2719 de
1306 2670 1535 2720 Ministro

134 2739 528 2788 extraordinario.
597 2740 724 2788 Nam
749 2756 811 2788 ex
836 2739 893 2787 iis
929 2756 1040 2803 quae
1070 2738 1201 2788 dicta
1224 2751 1336 2787 sunt
1359 2756 1538 2804 propo-

133 2806 304 2854 sitione
329 2806 479 2871 prima
507 2807 621 2856 satis
662 2818 853 2856 constat
877 2807 1149 2872 Epicopum
1185 2808 1396 2857 omnium
1438 2824 1542 2855 om-

133 2874 245 2921 nino
272 2873 504 2922 Ordinum
531 2869 807 2927 Ministrum
827 2892 933 2923 esse
958 2874 1267 2935 ordinarium.

203 2941 349 2992 Proh
374 2942 644 3007 propositio.
679 2947 740 2993 1⁰
775 2942 1032 3059 ΕΤὲῐιευτᾶ,
1068 2943 1278 2996 minores
1326 2912 1544 3010 Ordines

1490 3019 1540 3057 et
