1846 3250
549 176 645 225 DE
684 175 1184 226 MATRIMONIO.
1501 145 1604 223 433

173 307 531 359 matrimonium
557 312 963 367 consummatum,
990 315 1098 360 ‘non
1139 309 1498 378 potestpetere
1524 306 1613 359 (ἱέ-

174 376 328 425 bitum
355 394 399 426 c.
433 382 474 425 1.
509 380 566 426 de
595 380 812 428 Convers.
837 383 1191 444 conjugatorum
1210 400 1231 436 ;
1269 379 1385 443 quia
1406 377 1611 442 promis-

176 444 360 491 sionem
389 445 502 493 Deo
526 446 707 494 factam
734 458 968 510 quantum
996 448 1043 492 in
1064 463 1116 494 se
1142 458 1217 495 est
1251 462 1445 494 servare
1472 456 1612 494 tene>-

173 515 269 558 t'ur.
284 512 457 560 Debet
478 523 639 561 tamen
657 514 922 577 postulanti
945 514 1170 571 reddere,
1189 525 1242 562 ut
1266 524 1385 578 pote
1407 513 1611 562 habenti

164 581 244 638 jus
288 580 533 643 exigendi,
572 581 659 628 nisi
698 592 861 629 tamen
897 582 978 628 ille
1013 593 1181 629 votum
1221 581 1350 630 idem
1394 579 1611 629 emiserit

173 657 258 693 aut
304 649 478 696 saltem
525 648 572 694 in
617 649 854 696 consortis
901 658 1066 695 votum
1118 650 1451 697 consenserit:
1488 659 1608 697 tunc

172 714 300 760 enim
327 715 620 763 renuntiavit
647 716 744 777 Juri
781 732 887 762 suo.
960 716 1105 764 Unde
1142 717 1301 764 neutri
1336 716 1385 763 in
1412 733 1472 764 eo
1500 716 1611 765 ulti-

172 796 252 828 mo
275 798 392 830 casu
415 783 584 830 licebit
609 783 828 830 debitum
850 793 1019 845 petere
1039 784 1115 832 vel
1142 784 1366 832 reddere.
1437 785 1611 835 Potest

171 859 335 896 tamen
377 850 426 896 in
470 849 525 897 iis
570 850 762 898 casibus
805 850 1013 898 obtineri
1062 851 1377 915 dispensatio,
1416 861 1470 899 ut
1493 850 1610 899 alibi

171 916 399 964 diximus.
471 918 618 972 Quod
638 918 675 965 si
693 918 826 965 nulla
842 918 1140 980 dispensatio
1167 919 1312 967 fuerit
1329 919 1608 984 impetrata,

169 983 254 1043 qui
304 985 578 1033 castitatem
628 986 776 1040 vovit,
812 995 1006 1032 mortuo
1048 991 1276 1048 conjuge,
1327 986 1607 1033 castitatem

169 1048 448 1096 omnimode
484 1065 677 1097 servare
725 1051 987 1097 tenebitur.
1072 1052 1334 1105 Quomodo
1382 1068 1499 1100 vero
1553 1068 1607 1100 se

161 1130 342 1177 >gerere
368 1115 547 1163 debeat
565 1116 646 1179 qui
671 1117 945 1165 castitatem
973 1128 1086 1166 ante
1106 1119 1468 1168 matrimonium
1488 1136 1608 1168 con-

166 1192 460 1230 summatum
500 1185 646 1241 vovit,
695 1184 809 1231 alibi
845 1186 1178 1249 exposuimus,
1222 1187 1305 1244 ubi
1344 1187 1406 1235 de
1449 1187 1606 1252 impe·

167 1249 393 1297 dimentis
420 1251 804 1314 prohibentibus.
1583 1272 1589 1278 ¹

203 1316 315 1367 '7⁰‘
353 1318 449 1371 Qui
480 1329 592 1382 post
635 1319 993 1368 matrimonium
1038 1333 1428 1372 consummatum
1471 1323 1607 1372 vovit

168 1383 478 1447 Religionem
520 1393 604 1434 aut
642 1403 805 1435 sacros
850 1388 1076 1448 Ordines,
1121 1400 1283 1454 potest
1329 1391 1507 1455 petere
1551 1402 1603 1440 et

164 1451 406 1509 reddere3
443 1452 679 1517 quia'per
702 1455 799 1503 hoc
824 1465 989 1503 votum
1016 1458 1262 1506 contraxit
1297 1460 1453 1507 solum
1481 1458 1606 1507 obli·-

162 1519 410 1581 gationem
458 1520 756 1584 suscipiendi
807 1523 1019 1571 Ordines
1090 1527 1167 1573 vel
1233 1527 1513 1589 profitendi,
1561 1525 1603 1574 si

163 1586 508 1650 supervixerit.
580 1589 679 1636 Sed
715 1590 878 1638 statim
905 1601 1015 1654 post
1041 1603 1248 1640 mortem
1282 1594 1504 1657 conjugis
1529 1605 1604 1642 te-

162 1664 307 1702 netur
345 1654 547 1719 implere
594 1666 778 1703 votum.
852 1658 979 1705 Haec
1016 1675 1132 1706 vero
1174 1660 1213 1707 si
1249 1660 1438 1707 voverit
1484 1672 1601 1710 ante

161 1721 453 1784 matrimonii
497 1723 982 1782 consummationem,
1021 1725 1269 1773 tenebitur
1310 1736 1478 1774 votum
1509 1727 1601 1775 im-

161 1789 298 1851 plere
323 1799 437 1836 ante
463 1790 953 1847 consummationem,
980 1808 1093 1840 cum
1119 1793 1240 1841 illud
1264 1793 1399 1842 licite
1424 1797 1599 1858 possit,

161 1855 412 1903 ex‘dictis.
474 1856 665 1904 Sivero
690 1859 1014 1916 consummet,
1041 1871 1218 1923 peccat
1244 1861 1442 1924 quidem
1467 1879 1598 1911 mor-

160 1923 323 1970 taliter
362 1922 519 1987 prima
551 1922 676 1982 vice,
713 1925 803 1972 sed
838 1925 1072 1989 deinceps
1098 1938 1261 1991 potest
1296 1929 1506 1979 reddere
1545 1940 1599 1979 et

158 1999 331 2053 petere
355 2001 556 2055 propter
581 1992 791 2040 rationes
826 1993 972 2040 modo
998 1996 1185 2043 allatas.
1420 2014 1422 2016 ’

231 2058 306 2104 80·
345 2057 396 2105 Si
423 2068 617 2107 constet
640 2060 849 2108 alterum
875 2066 1135 2125 conjugem
1162 2079 1269 2112 esse
1295 2064 1598 2124 adulterum,

158 2133 321 2187 potest
345 2140 456 2188 pars
481 2125 715 2175 innocens
754 2128 879 2191 parti
921 2129 1159 2178 adulterae
1195 2131 1414 2180 debitum
1444 2133 1596 2182 dene-

158 2207 291 2254 gare.
363 2194 576 2242 Consule
608 2211 672 2242 ea
706 2211 816 2258 quae
847 2200 950 2257 jam
992 2208 1137 2246 antea
1163 2214 1222 2246 ea
1260 2200 1322 2247 de
1361 2217 1415 2248 re
1457 2200 1593 2249 dicta

158 2270 287 2316 sunt,
316 2259 395 2307 ubi
421 2260 483 2309 de
512 2261 752 2309 Divortio.
823 2263 937 2310 Non
972 2275 1135 2327 potest
1172 2272 1353 2329 conjux
1389 2269 1593 2332 conjugi

157 2325 379 2374 adultero
403 2327 622 2382 debitum
649 2329 912 2394 denegare,
949 2332 987 2379 si
1014 2333 1231 2394 ejusdem
1269 2332 1483 2383 criminis
1500 2336 1593 2384 ille

153 2409 266 2441 reus
291 2394 386 2451 sit;
422 2396 535 2458 quia
571 2406 690 2444 tunc
732 2409 805 2445 est
832 2400 1198 2462 compensatio;
1235 2402 1452 2465 quinimo
1493 2419 1590 2451 nec

155 2460 283 2508 idem
308 2471 471 2524 potest
494 2479 605 2526 pars
630 2463 881 2522 innocenS,
907 2466 947 2512 si
970 2465 1191 2528 injuriam
1220 2469 1590 2526 condonaverit,

149 2545 194 2574 v.
219 2544 269 2590 g.
304 2528 522 2576 debitum
547 2541 722 2593 sponte
738 2532 1007 2591 reddendo,
1044 2535 1120 2583 vel
1147 2535 1241 2583 alia
1264 2537 1441 2585 amoris
1466 2554 1586 2586 con-

147 2595 329 2657 jugalis
353 2596 493 2659 signa
508 2598 806 2647 exhibendo.
919 2611 935 2618 “
1226 2620 1228 2623 ·

223 2665 291 2709 9⁰·
331 2663 381 2710 Si
426 2664 630 2728 exigens
673 2666 871 2714 remisse
913 2676 1065 2730 petat,
1104 2670 1180 2717 vel
1220 2669 1440 2718 dilationi
1488 2688 1589 2721 non

150 2744 280 2790 aegre
306 2731 594 2790 consentiat,
630 2742 748 2781 tunc
773 2735 941 2798 negari
967 2737 1042 2783 vel
1069 2736 1249 2786 differri
1274 2748 1439 2802 potest
1475 2740 1587 2787 red-

155 2796 275 2843 ditio
301 2796 468 2844 debiti.
1529 2809 1533 2811 ’
1587 2821 1589 2823 ·

225 2867 317 2910 100·
356 2863 406 2912 Si
432 2874 605 2928 petens
630 2865 690 2914 sit
716 2866 764 2913 in
801 2867 1039 2918 ebrietate
1079 2872 1157 2919 vel
1196 2871 1424 2930 amentia,
1461 2881 1586 2922 tunc

151 2927 370 2979 debitum
417 2933 598 2996 poterit
645 2935 831 2999 negari,
893 2935 1006 3000 quia
1053 2954 1150 2987 non
1198 2939 1383 3004 petitur
1432 2940 1579 2988 modo

1369 3007 1583 3057 humano
