1846 3250
617 130 712 179 DE
749 127 1038 180 ORDINE.
1453 134 1542 181 151

211 263 441 310 Attamen
481 259 529 305 in
560 257 699 320 praxi
739 256 951 305 tenenda
986 266 1060 304 est
1095 255 1334 305 sententia
1374 272 1542 305 eorum

140 330 220 394 qui
248 326 549 378 traditionem
588 324 769 373 codicis
795 324 1063 388 Evangelii,
1099 326 1236 372 stolae
1278 334 1327 373 et
1365 325 1544 373 dalma-

138 399 247 445 ticae
286 394 530 444 materiam
572 393 857 441 diaconatus
897 393 1202 441 essentialem
1235 392 1539 448 existimant;

139 464 250 529 quia
273 464 320 511 in
347 462 502 511 dubiis
528 470 579 510 et
612 461 658 508 in
685 460 1027 525 quaestionibus
1053 461 1114 508 de
1151 461 1323 524 quibus
1349 473 1543 509 contro-

135 532 290 580 versia
336 541 409 580 est
454 530 585 595 apud.
642 529 937 592 Theologos,
990 527 1291 591 potissimum
1342 530 1424 577 ubi
1479 531 1542 578 de

136 598 476 657 Sacrameufis,
512 613 620 661 pars
646 596 793 645 tutior
817 606 891 645 est
914 594 1155 659 eligenda.

207 669 393 725 Quoeres
422 670 464 715 l.
500 681 716 729 quaenam
736 664 831 713 sint
856 663 1187 712 Diaconorurn
1213 663 1404 713 officia?

199 736 260 790 R,
302 735 393 783 tria
416 751 445 782 a
470 733 743 782 Pontificali
769 734 990 780 Romano
1014 732 1277 796 assignare,
1314 732 1538 783 nimi-rum

136 806 400 852 ministrare
421 803 488 851 ad
506 801 673 859 altare,
709 802 945 864 baptizare
966 809 1011 848 et
1032 802 1306 864 praedicare.

208 875 280 919 1⁰·
317 872 485 932 Itaque
510 869 719 918 Diaconi
762 868 1107 918 Sacerdotibus
1140 868 1419 918 solemniter
1462 888 1541 920 ce-

133 939 430 988 lebrantibus
468 937 765 992 ministrant;
802 937 1048 984 materiam
1090 936 1329 993 sacrificii,
1366 955 1545 1002 panem

134 1008 323 1056 scilicet
347 1017 395 1055 et
420 1006 598 1063 vinum,
625 1005 873 1062 exhibent,
901 1004 1102 1053 calicem
1129 1021 1239 1052 cum
1265 1004 1377 1068 ipsis
1404 1007 1542 1054 oster-

136 1085 222 1122 unt
264 1074 434 1123 eadem
476 1074 623 1121 verba
661 1073 801 1121 simul
838 1072 1154 1136 proferenteS,
1192 1074 1424 1138 offerimus
1458 1075 1543 1123 tihi

135 1142 316 1192 calicem
339 1140 573 1199 salutaris,
608 1140 731 1189 adeo
756 1152 809 1188 ut
843 1142 891 1188 in
917 1140 1205 1189 Pontificale
1237 1142 1546 1205 appellentur

139 1211 453 1259 Comministri
498 1217 543 1259 et
588 1211 918 1273 Cooperatores
964 1209 1167 1274 corporis
1214 1218 1258 1257 et
1302 1211 1546 1275 sanguinis

137 1279 350 1327 Domini.

203 1346 405 1408 Insuper
437 1343 648 1392 Diaconi
681 1355 791 1392 sunt
834 1344 1049 1408 corporis
1075 1343 1254 1393 Christi
1279 1344 1545 1408 Dispensa-

136 1423 266 1461 tores
291 1411 672 1461 extraordinarii.
742 1411 875 1460 Hinc
901 1414 1011 1460 olim
1051 1412 1112 1459 de
1140 1428 1377 1460 consensu
1405 1413 1546 1476 Epis-

137 1497 369 1545 coporum
396 1481 470 1528 vel
498 1479 911 1544 Praesbyterorum
926 1479 1278 1528 Eucharistiam
1301 1480 1545 1531 Fidelibus

139 1549 522 1596 distribuebant·
576 1546 855 1597 Solenmz‘bus
902 1547 1132 1617 impletis,
1158 1547 1313 1610 inquit
1364 1548 1413 1596 S.
1446 1549 1547 1611 Cy-

136 1618 328 1679 prianus
356 1618 506 1665 Serm.
533 1615 593 1663 de
617 1615 764 1678 Lampe
833 1612 1073 1665 Diaconus
1101 1613 1290 1664 calicem
1303 1627 1547 1680 proesentz-

139 1686 216 1732 (ius
240 1686 403 1750 offerre
426 1684 574 1748 coepz't.
646 1684 714 1731 At
738 1699 842 1731 mos
865 1682 948 1731 ille
972 1684 1225 1746 postremis
1247 1684 1547 1747 temporibus

136 1751 350 1800 inolevit.
421 1752 545 1799 Vide
571 1767 629 1799 ea
644 1767 748 1815 quae
772 1751 855 1799 i-lla
878 1751 941 1800 de
967 1767 1019 1799 re
1045 1751 1094 1798 in
1115 1751 1349 1799 Tractatu
1369 1753 1430 1802 de
1449 1754 1548 1801 Em

139 1821 366 1868 charistia
402 1819 628 1868 diximus.
681 1856 683 1858 v
749 1861 751 1864 Α

152 1922 155 1924 -
206 1888 360 1936 Iidem
386 1898 621 1951 praeterea
644 1884 906 1949 antiquitus
933 1884 1170 1934 Fidelium
1207 1886 1391 1934 animos
1425 1896 1545 1935 tem-

141 1971 258 2018 pore
281 1954 503 2003 sacrificii
528 1952 825 2016 excitabant,
862 1963 916 2001 ut
940 1953 1003 2001 ad
1037 1970 1174 2002 sacra
1207 1955 1551 2011 attenderent3

140 2022 362 2087 indignos
402 2038 431 2068 a
477 2020 634 2084 dignis
695 2021 984 2084 separabant
1023 2022 1225 2071 terribili
1269 2022 1361 2071 ista
1405 2039 1551 2079 voce,

145 2091 358 2138 recedant
381 2089 684 2146 Poenitente8‚
718 2097 878 2138 sancta
903 2090 1089 2139 sanctis.

210 2160 291 2204 20·
317 2156 523 2206 Diaconi
563 2156 841 2205 solemniter
885 2157 1134 2222 baptizare
1181 2168 1398 2223 possunt,
1449 2176 1546 2208 non

142 2225 335 2289 quidem
361 2236 414 2273 ut
438 2223 663 2273 ordinarii
689 2224 917 2281 Ministri‚
955 2226 1042 2274 sed
1069 2227 1454 2283 extraordinarii,
1494 2239 1549 2276 ut

141 2292 306 2342 videre
343 2303 416 2341 est
450 2294 498 2339 in
525 2292 759 2342 Tractatu
794 2292 856 2342 de
882 2293 1148 2358 Baptismo,
1199 2296 1281 2344 ubi
1313 2295 1375 2343 de
1400 2295 1549 2343 Mini-

144 2370 242 2409 stro
267 2360 601 2409 disseruimus.
1428 2394 1431 2396 —

208 2432 283 2475 30·
320 2428 528 2477 Diaconi
573 2428 753 2493 pariter
798 2428 1076 2478 solemniter
1118 2429 1384 2494 praedicare
1434 2447 1545 2494 pos-

144 2506 255 2544 sunt
280 2506 330 2544 et
352 2497 397 2544 vi
424 2495 751 2545 ordinationis
786 2513 884 2545 suae
913 2502 993 2559 Jus
1027 2497 1148 2545 illud
1182 2499 1379 2556 habent,
1417 2500 1550 2562 quod

146 2574 307 2611 tamen
354 2579 449 2611 non
494 2575 695 2628 possunt
741 2574 997 2623 exercere,‘
1032 2565 1122 2618 nisi
1168 2566 1231 2615 ad
1275 2566 1328 2614 id
1370 2566 1551 2616 fuerint

151 2630 384 2693 deputati.

218 2698 296 2744 Ex
321 2699 465 2762 longo
501 2709 740 2764 tempore
756 2699 967 2764 pertinet
995 2702 1059 2750 ad
1097 2700 1205 2751 illos
1229 2701 1551 2767 Evangelium

150 2764 429 2813 solemiter
416 2782 465 2813 1n
489 2767 644 2815 altiori
669 2765 780 2817 loco
804 2768 1106 2818 denuntiare.

220 2831 452 2881 Diaconis
491 2834 685 2900 insuper
723 2836 981 2900 aliquando
1029 2853 1316 2888 concessum
1360 2848 1434 2886 est
1480 2847 1549 2894 ut,

153 2900 429 2950 absentibus
465 2901 721 2968 Episcopis
753 2906 829 2954 vel
862 2905 1194 2972 Praesbyteris‚
1231 2915 1436 2970 urgente
1470 2921 1553 2952 ne

819 2972 863 3019 Ο
896 2975 924 3019 3
1307 2971 1554 3032 cessitate,
