1846 3250
200 166 301 219 aas
491 137 494 139 Α
705 168 1130 224 TRAc‘rA‘rus

204 302 397 367 quidem
424 302 610 360 directe
633 305 884 367 approbat,
913 306 1000 354 sed
1026 316 1210 355 tantum
1240 306 1388 370 justis
1407 308 1469 357 de
1493 324 1606 361 cau

203 372 267 417 sis
289 372 477 425 tolerat
502 371 850 436 declaratque
837 389 885 419 m
921 374 976 422 iis
1014 375 1384 426 circumstantiis
1409 393 1500 424 nec
1530 382 1608 439 Ju-

205 438 241 485 ri
268 438 471 485 naturali
495 455 586 487 nec
611 440 771 489 divino
797 458 902 490 esse
928 443 1190 506 oppositOS.

270 505 348 552 Ex
391 506 464 554 his
503 519 639 570 ριῑθῖ
666 512 748 557 30·
781 511 958 565 nullam
1003 524 1083 559 aut
1122 510 1172 556 in
1207 512 1606 562 contrahentibus

202 584 284 621 aut
311 573 355 620 in
387 575 671 633 Sacerdote,
708 588 790 625 aut
826 578 872 623 in
909 578 1217 654 dispensante
1253 595 1358 626 esse
1384 579 1606 642 profana-

205 641 403 691 tionem.
475 644 523 690 Si
550 661 651 707 quae
679 645 737 698 sjit
777 645 823 697 in
861 646 1015 694 hocce
1041 645 1239 710 negotio
1281 646 1608 700 contrahentis

203 719 255 761 et
280 710 944 767 Sacerdotiscommunicatio
965 731 1073 762 cum
1095 714 1368 769 Haeretioe,
1393 731 1451 765 ea
1475 731 1606 761 com-

199 777 463 831 municatio
491 780 593 835 sollo
609 785 720 842 jure
746 782 1078 835 ecclesiastico
1104 781 1344 845 prohibita
1368 792 1459 836 est,
1495 798 1612 829 cum.

204 846 505 903 matrimonia
531 847 591 895 de
617 849 788 913 quibus
826 850 999 911 agitur,
1034 867 1125 898 nec
1153 856 1264 913 jure
1288 850 1493 898 naturali
1517 864 1609 897 nec

205 913 366 962 divino
391 914 537 963 vetita
562 927 688 963 sunt.
759 918 881 969 Haec
908 928 1068 966 autem
1094 919 1148 967 fit
1181 917 1330 974 licita,
1368 934 1477 965 cum
1517 918 1611 965 Ec-

202 982 349 1030 clesia
370 999 454 1045 per·
479 999 611 1030 suam
640 984 1062 1048 dispensationem,
1091 1004 1154 1034 ex
1173 985 1447 1051 hypothesi,
1472 1002 1608 1033 suam

205 1050 575 1115 prohibitionem
602 1054 865 1100 sustulerit.

277 1117 390 1167 Scio
437 1120 692 1167 nonnullos
737 1122 862 1171 velle
903 1121 1259 1174 matrimonium
1299 1137 1441 1171 omne
1486 1119 1612 1169 inter

205 1185 504 1243 Christianos
528 1189 801 1236 necessario
821 1190 1115 1242 Sacramenti
1143 1189 1377 1238 rationem
1397 1188 1608 1241 habere·
1596 1223 1610 1244 ‚

205 1254 296 1310 sed-
319 1254 444 1302 hanc
467 1256 754 1310 sententiam
782 1273 885 1320 quae
910 1267 1041 1306 nunc
1064 1256 1329 1322 praesertim
1347 1272 1616 1320 paucorum

207 1332 296 1379 est,
334 1333 483 1371 antea
503 1323 872 1379 confutavimus.

277 1391 468 1449 Quaeres
526 1395 602 1441 1⁰·
661 1393 967 1456 quandonam
1013 1392 1150 1447 licite
1185 1390 1370 1458 possint
1418 1391 1617 1449 Fideles*

133 1453 135 1455 ’
207 1475 316 1516 cum
347 1460 612 1508 Haereticis
637 1461 990 1514 matrimonium
1026 1462 1312 1509 contrahere
1331 1460 1354 1507 Ρ

272 1528 334 1584 R.
372 1528 420 1576 id
444 1528 628 1576 licitum
655 1545 777 1587 esse,
820 1532 891 1576 1¹0·
919 1547 1026 1577 cum
1053 1530 1082 1576 ii
1108 1531 1234 1578 serio
1259 1544 1350 1579 nec
1384 1527 1516 1587 ficte,
1553 1534 1617 1581 ut>

204 1593 471 1657 saepissime·
497 1596 751 1658 contingit,
782 1598 1145 1647 conversionem
1170 1597 1475 1661 promittunt.

271 1665 350 1711 2⁰·
389 1665 510 1713 Cum
536 1664 584 1711 id
608 1665 813 1712 suadent
839 1664 1125 1727 gravissimae
1152 1681 1327 1723 causae,
1352 1682 1397 1712 v.
1415 1682 1462 1728 g.
1498 1678 1608 1727 spes

203 1740 346 1789 certa,
373 1738 630 1795 conjugem
670 1732 731 1780 ad
769 1733 1039 1787 Ecclesiam
1080 1731 1367 1787 revocandi,·
1408 1731 1617 1782 inimici-t

202 1799 293 1856 tias
340 1800 675 1863 extinguendi,
728 1801 959 1850 flectendi
1012 1801 1222 1850 animum
1264 1799 1501 1865 Principis
1558 1798 1609 1846 in

202 1866 408 1935 gratiam}
430 1868 811 1922 Catholicoraffi.

275 1942 356 1987 30³
409 1940 533 1989 Cum
585 1956 695 2004 pars
754 1936 997 1991 catholica
1044 1942 1221 2000 justam
1269 1935 1493 1986 habitura
1538 1944 1613 1985 est

203 2006 486 2062 facultatem
511 2008 678 2061 omnia.
709 2007 977 2072 Religionis
1003 2007 1158 2061 officia
1184 2002 1615 2070 adimplendi,lnec

206 2078 360 2127 ullum
397 2078 500 2126 sive
540 2078 606 2129 illi
632 2078 731 2129 sive
769 2077 931 2128 liberis
956 2074 1205 2130 nascituris
1238 2073 1504 2123 timendum
1542 2081 1617 2120 est.

205 2147 526 2197 subversionis
564 2146 852 2210 periculum,
890 2146 1118 2209 nullaque
1158 2142 1428 2194 contractui
1463 2155 1619 2204 appo-

208 2215 298 2264 sita
324 2226 400 2265 est
423 2215 639 2263 clausula
664 2232 766 2279 quae
794 2215 920 2261 bono
945 2230 1117 2261 eorum
1137 2211 1372 2277 spirituali
1407 2218 1611 2263 noceat;

206 2284 425 2347 alioquin
465 2284 587 2332 illud
630 2281 985 2337 matrimonium
1017 2285 1126 2343 jure
1161 2278 1365 2330 naturali
1412 2276 1615 2325 vetitum

211 2363 355 2400 esset

274 2420 384 2486 Nec
410 2419 594 2467 licitum
624 2429 711 2473 est,
750 2428 804 2466 ut
839 2417 1011 2465 meiito
1037 2424 1173 2463 notat
1198 2415 1458 2471 Navarrus‚
1499 2427 1613 2489 pac-

208 2480 315 2535 tum
338 2505 436 2551 quo
457 2486 745 2548 convenitur
771 2497 822 2534 ut
860 2484 1094 2535 masculi
1083 2500 1130 2531 in
1159 2483 1415 2546 Religione
1447 2481 1612 2546 patris,

207 2557 383 2620 puellae
410 2573 521 2603 vero
561 2556 608 2602 in
647 2555 808 2603 matris
836 2554 1091 2615 Religione
1133 2552 1451 2607 enutriantur,
1487 2549 1614 2598 sicut

208 2624 264 2670 fit
299 2623 345 2669 in
388 2625 549 2671 multis
587 2624 724 2678 locis,
762 2622 873 2687 quia
913 2638 1021 2698 pars
1057 2619 1297 2668 catholica
1337 2617 1610 2667 consentire

209 2708 304 2738 non
332 2701 491 2754 potest
518 2701 570 2738 ut
595 2692 788 2755 quidam
814 2708 841 2738 e
865 2690 963 2737 suis
1002 2688 1164 2736 liberis
1190 2687 1402 2736 Diabolo
1438 2685 1616 2734 manci·

212 2770 412 2824 peritur.

281 2832 343 2874 4⁰·
381 2826 505 2875 Cum
553 2825 758 2874 habetur
798 2824 1019 2887 'legi-tima
1057 2822 1327 2887 Superioris
1367 2821 1611 2885 dispensa·

212 2895 297 2943 tio.
369 2895 491 2942 Haec
533 2903 710 2947 autem,
749 2909 858 2942 cum
884 2892 1041 2954 agitur
1077 2891 1138 2943 de
1172 2891 1355 2954 magnis
1382 2887 1615 2950 Principi-

215 2965 304 3012 bus
339 2963 426 3029 qui,
462 2966 510 3009 in
556 2962 859 3025 Religionem
899 2959 1049 3023 magis
1091 2959 1313 3017 influunt,
1351 2957 1497 3005 debet
1533 2970 1614 3001 ex-

1454 3037 1618 3087 presse
