1846 3250
206 175 303 223 188
713 168 1142 230 TRACTATUS

207 308 525 375 permittente
574 304 840 372 EpiscopO,
883 307 1157 372 potuissent
1194 308 1526 373 Praesbyteros
1572 317 1624 356 et

210 379 462 427 Diaconos
491 374 733 423 ordinare.
806 376 957 439 Ergo,
995 380 1084 425 ὅτε.
1500 406 1503 408 >

279 445 348 492 R.
388 447 460 490 10·
494 443 746 507 perplures
788 459 894 492 esse
935 445 1078 506 huJus
1114 444 1325 493 Canonis
1371 443 1624 500 lectiones,

217 514 449 576 Septem
465 521 550 559 aut
596 521 711 559 octo
760 527 789 559 a
835 510 976 574 variis
1025 513 1324 560 Auctoribus
1371 528 1629 559 recensen-

212 590 309 628 tur.
382 580 511 632 Quid
567 595 729 643 porro
747 595 810 628 ex
846 590 945 628 tam
1003 579 1144 629 variis
1201 579 1488 628 lectionibus
1525 580 1627 628 erui

212 648 417 713 potest?
1195 673 1198 676 ⁴

282 717 345 764 R.
380 718 461 762 20·
494 715 758 763 lectionem
790 715 840 762 in
875 716 1159 778 obJectione·
1174 715 1419 763 laudatam
1445 662 1621 778 procul

215 799 324 832 esse
358 782 685 846 rejiciendam,
722 783 947 848 quoniam
975 800 1037 831 ex
1063 799 1121 831 ea
1166 793 1454 845 sequeretur
1478 783 1632 830 Praes-

214 853 413 917 hyteros
441 850 603 909 Urbis,
635 851 808 899 saltem
835 852 896 899 de
923 867 1185 899 consensus
1205 851 1453 914 Episcopi,
1487 860 1630 914 potu-

213 919 309 968 isse
348 921 749 984 praesbyteratum
786 929 836 968 et
871 920 1180 978 diaconatum
1208 919 1458 968 conferre:
1497 919 1628 982 quod

216 1004 245 1035 a
269 1004 385 1035 vero
409 987 751 1035 alienissimum
777 999 921 1035 antea
945 987 1393 1035 den1onst1avxmus

285 1056 352 1103 R.
385 1060 431 1103 3.
489 1056 680 1104 caeteris
737 1056 1031 1103 lectionibus
1076 1071 1185 1103 eam
1230 1054 1385 1102 videri
1431 1063 1633 1118 antepo-

213 1124 423 1175 nendam
483 1140 589 1185 quae
647 1123 855 1171 habetur
912 1124 961 1169 in
1012 1122 1345 1187 antiquissimo
1390 1122 1631 1170 Ecclesiae

215 1193 451 1239 Romanae
487 1191 677 1248 codice,
721 1209 865 1255 quem
903 1191 1114 1242 Eruditi.
1139 1196 1188 1238 4.
1208 1200 1294 1237 >aut
1319 1194 1366 1237 5.
1390 1205 1500 1237 saec.
1531 1189 1632 1237 edi·-

217 1270 320 1307 tum
359 1268 547 1323 putant,
585 1258 667 1306 ubi
709 1261 778 1307 sic
815 1259 1022 1323 legitur:
1071 1258 1265 1307 'Vicariz's
1301 1259 1634 1322 Episcoporum

217 1343 332 1392 quos
366 1329 522 1376 Graecz'
566 1296 926 1392 chorepiscop⁶2s
967 1334 1144 1380 vocant,
1183 1342 1273 1373 non
1308 1324 1445 1373 licent
1470 1324 1635 1373 Praes-

220 1396 403 1461 byteros
427 1395 501 1442 vel
520 1395 762 1443 Diaconos
795 1395 1054 1442 ονᾱὶιηανε
1091 1395 1173 1441 sed
1212 1409 1292 1441 nec
1326 1392 1643 1471 Pvcesbrjteris

222 1463 438 1512 Civztatis
459 1463 559 1510 sine
583 1464 802 1527 Epzscopz
815 1470 1047 1528 proecepto
1064 1461 1248 1526 aliqum!
1275 1459 1474 1526 amplius
1496 1476 1638 1522 empe-

218 1547 329 1579 rare
352 1529 423 1579 ’vel
444 1531 542 1577 sine
565 1531 842 1578 auctoritate
857 1531 1153 1578 Litterarum
1176 1532 1274 1595 ejus
1296 1531 1345 1578 in
1361 1545 1639 1593 unaquaque

220 1599 476 1648 Provincia
511 1597 699 1660 aliquid
720 1614 872 1662 agere.

288 1666 432 1714 Dices
457 1667 537 1711 20·
564 1665 789 1729 Synodus
815 1664 1126 1712 Antiochena
1159 1680 1264 1711 can.
1296 1668 1370 1711 10.
1396 1662 1634 1727 permittit

223 1731 616 1796 Chorepiscopos
653 1741 702 1780 et
744 1733 994 1781 Diaconos
1019 1732 1258 1790 ordinare,
1295 1732 1334 1779 si
1360 1731 1634 1779 consentiat

224 1800 444 1851 Civitatis
469 1801 759 1864 Episcopus.
828 1801 979 1863 Ergo,
1015 1804 1104 1848 &c-

291 1869 358 1916 R.
382 1869 491 1917 dist.
525 1868 585 1915 Id
608 1866 846 1933 permittit
881 1866 1256 1932 Chorepiscopis
1286 1866 1367 1930 qui
1410 1866 1636 1914 ordinati-

225 1952 318 1985 one
360 1937 625 2001 episcopali
667 1936 957 1994 consecrati,
1008 1937 1219 1992 fuerant,
1254 1952 1376 1984 conc.
1414 1934 1635 1982 omnibus

227 2004 619 2068 Chorepiscopis,
655 2022 759 2070 ‘neg-

294 2074 436 2121 Dices
461 2075 509 2120 3.
545 2073 612 2119 In
648 2071 848 2137 Synodo
891 2070 1139 2136 Ephesina
1177 2080 1255 2118 act
1282 2073 1329 2118 6.
1367 2068 1637 2134 Episcopus

227 2140 419 2202 quidam
467 2140 661 2188 nomine
707 2140 930 2189 Jacobus
979 2148 1183 2187 vocatur
1222 2137 1642 2202 Chorepiscopus.

226 2209 379 2271 Ergo,
415 2211 506 2255 &c-

299 2278 360 2324 R.
394 2276 636 2325 Jacobum
683 2274 816 2321 illum
850 2272 999 2321 fuisse
1039 2289 1223 2321 merum
1264 2272 1638 2348 Praesbyterum‚

230 2353 282 2394 et.
323 2344 705 2392 Amanuensium
751 2341 869 2389 vitio
909 2352 1093 2389 nomen
1126 2340 1354 2403 Episcopi
1395 2337 1643 2402 iirepsisse

228 2429 317 2477 pro
352 2412 547 2460 nominc
587 2407 1263 2473 Chorepiscopi.Praete1ea
1299 2407 1358 2454 ad
1403 2421 1642 2454 summurn

222 2491 398 2555 ‘potest
428 2479 544 2528 inde
568 2477 795 2527 concludi
822 2476 1054 2541 quosdam
1081 2475 1471 2539 chorepiscopos
1492 2473 1642 2522 fuisse

222 2545 375 2596 simul
400 2547 688 2612 Episcopos,
723 2546 856 2612 quod
879 2561 974 2592 non
999 2542 1272 2592 diffitemur.

303 2617 538 2669 Quaedam
596 2615 690 2663 alia
748 2613 1056 2676 objiciuntur,
1105 2612 1191 2659 sed
1242 2628 1346 2673 quae
1394 2609 1497 2658 sine
1542 2609 1642 2656 ullo

236 2684 436 2746 negotio
496 2683 762 2740 diluuntur,
821 2682 1025 2757 iereque
1081 2688 1260 2727 cuncta
1321 2677 1647 2726 dissolvuntur

237 2749 572 2800 observatione
611 2757 711 2813 jam
755 2749 1013 2813 praemissa,
1063 2747 1285 2795 nimirum
1326 2745 1649 2809 Chorepisco-

236 2835 327 2883 pos
386 2818 503 2867 alios
558 2817 706 2866 fuisse
764 2815 1026 2881 episcopali
1084 2816 1364 2864 charactere
1423 2813 1647 2865 donatos,

238 2886 358 2935 alios
392 2903 507 2935 vero
542 2885 784 2949 simplices
824 2884 1131 2932 Sacerdotes.
1210 2883 1293 2931 Sic
1329 2882 1454 2931 enim
1492 2877 1646 2942 expli-

241 2965 414 3004 cantur
462 2954 692 3004 nonnulla
737 2961 955 3002 veterum
1006 2951 1301 3018 Scriptorum
1358 2952 1503 3063 loca,d
1538 2962 1646 3009 quae

1424 3032 1469 3063 vl
1508 3024 1648 3063 entur
