1852 3250
678 157 774 204 DE
812 155 1104 205 ORDINE.
1543 156 1602 203 15

185 296 373 343 videtur
399 291 691 358 probabilior
732 293 914 357 opinio,
951 308 1117 340 eorum
1145 299 1218 339 est
1245 289 1324 354 qui
1352 291 1603 355 episcopa-

186 376 263 412 tus
300 363 533 410 Ordinem
570 378 599 409 a
638 360 928 409 sacerdotali
963 377 1075 408 cum
1115 356 1603 408 Patronis'secundae

185 431 436 479 sententiae
462 430 834 492 distinguentes,
873 434 1201 476 unum.tamen
1230 445 1292 475 cx
1319 429 1605 492 episcopatu

186 511 234 546 et
255 502 606 564 praesbyteram
625 498 855 560 generice
882 496 1117 544 Ordinem
1139 496 1420 555 conficiunt,
1438 513 1607 561 quam-

186 567 255 614 vis
280 559 565 630 specie'sint
593 566 784 614 diversi.
854 565 1062 628 Nempe,
1101 564 1341 628 inquiunt,
1379 565 1611 613 sacerdo-¹

185 635 306 683 tium
334 647 408 683 est
428 635 672 699 quoddam
699 651 853 698 genus
880 634 957 682 cui
1000 635 1380 697 praesbyteratus
1406 645 1453 682 et
1481 633 1606 696 epis-

188 716 392 767 copatus
433 715 663 767 tanquam
722 696 911 766 species
969 703 1239 762 subjacent,
1294 718 1353 749 ac
1401 701 1606 765 proinde

186 773 510 822 sacerdotium
538 772 806 836 generatim
843 780 1117 834 spectatum
1145 769 1423 818 constitutit
1458 770 1606 834 septi-

186 858 317 887 mum
351 841 604 898 Ordinem,
642 840 722 903 qui
761 839 957 904 quidem
992 839 1225 902 septimus
1264 839 1400 885 Ordo
1433 849 1607 902 ‘postea

187 908 417 957 dividitur
443 909 490 955 in
515 909 904 973 presbyteratum
931 907 1012 970 qui
1050 919 1121 954 est
1160 907 1285 954 illius
1311 906 1516 962 initium,
1555 915 1605 953 et

187 977 523 1042 episcopatum
552 976 632 1041 qui
671 976 895 1024 estillius
931 974 1185 1039 perfectio,³
1258 974 1525 1031 Nimirum,
1554 985 1607 1022 ut

188 1045 406 1109 explicat
435 1044 771 1101 Bellarminus‚
811 1044 1024 1103 Ordines
1049 1053 1305 1092 sumuntur
1330 1045 1390 1091 ab
1416 1044 1611 1091 habitu-

188 1113 301 1161 dine
326 1115 387 1161 ad
415 1112 786 1170 Eucharistiam,
825 1127 875 1160 et
911 1112 1023 1177 quia
1063 1128 1250 1160 summa
1286 1112 1418 1161 circa
1444 1112 1609 1159 Euch-

188 1182 398 1229 aristiam
425 1192 657 1246 potestas,
685 1191 758 1229 est
781 1189 996 1244 potestas
1022 1197 1127 1229 earn
1154 1181 1462 1236 conficiendi,
1495 1181 1606 1228 ideo

186 1250 370 1314 primus
395 1251 514 1298 ordo
541 1261 615 1298 est
653 1250 974 1298 Sacerdotum
999 1266 1085 1297 seu
1122 1266 1291 1297 corum
1329 1249 1410 1313 qui
1440 1249 1607 1296 Euch-

186 1318 396 1366 aristiam
422 1319 667 1366 conficere
687 1328 903 1382 possunt.
973 1318 1101 1371 Quia
1124 1328 1288 1366 tamen
1314 1328 1610 1380 potestatem

189 1386 315 1433 hanc
357 1386 681 1434 diversimode
733 1386 1041 1449 participant,
1097 1397 1147 1433 et
1185 1386 1476 1449 Praesbyt.eri
1525 1385 1607 1448 qui

189 1470 365 1517 corpus
393 1455 570 1503 Christi
615 1463 922 1510 consecrant,
960 1464 1009 1501 et
1047 1454 1278 1517 Episcopi
1316 1454 1395 1517 qui
1437 1471 1609 1502 cons—e·

188 1533 327 1569 crant
351 1533 401 1569 et
426 1532 716 1586 potestatem
768 1522 1085 1569 consecrandi
1111 1522 1214 1569 aliis
1243 1522 1359 1569 dare
1385 1519 1607 1587 possunt,

186 1589 300 1636 inde
326 1589 433 1637 duae-
456 1600 569 1638 sunt
605 1589 795 1653 species
824 1588 1142 1637 Sacerdotum
1170 1589 1251 1653 qui
1280 1607 1426 1638 unum
1452 1607 1607 1653 genus

191 1657 388 1705 Ordinis
413 1675 497 1706 seu
527 1675 672 1705 unum
700 1657 934 1705 Ordinem
973 1658 1292 1716 constituunt,
1330 1659 1444 1723 quia
1478 1675 1607 1707 sum—

189 1742 268 1773 ma
291 1743 349 1773 ac
374 1725 622 1790 praecipua
646 1735 860 1782 potestas
885 1726 940 1773 iis
961 1725 1230 1774 communis
1255 1737 1343 1775 est.

261 1794 363 1859 Olgj.
398 1797 477 1841 20·
516 1796 564 1843 S.
590 1794 810 1857 Ignatius
837 1794 1045 1859 Martyr,
1085 1792 1416 1860 Hieronymus
1453 1805 1503 1843 et
1528 1795 1609 1844 alii

188 1862 416 1926 permulti
456 1863 720 1910 psalmistis
761 1879 847 1910 seu
878 1864 1113 1910 Cantores
1138 1863 1262 1910 inter
1289 1864 1500 1911 Ordines
1526 1881 1608 1912 ec-

190 1931 488 1979 clesiasticos
512 1941 786 1981 recensent.
845 1930 978 1995 Ergo
1005 1931 1169 1995 plures
1192 1942 1305 1979 sunt
1327 1949 1471 1995 quam
1496 1949 1610 1997 sep-

193 2009 290 2045 tem
310 1999 535 2046 Ordines.

259 2067 322 2113 R.
344 2067 452 2114 dist.
489 2067 725 2116 Cantores
750 2072 1068 2114 recensentur
1093 2067 1217 2116 inter
1244 2068 1607 2117 ecclesiasticos

192 2133 404 2181 Ordines
429 2134 685 2198 improprie
711 2134 887 2192 dierOS,
923 2152 1009 2184 seu
1038 2147 1090 2184 ut
1114 2136 1321 2184 officium
1349 2138 1609 2185 ecclesias-

186 2202 357 2258 ticum,
394 2221 518 2251 conc.
553 2203 678 2249 inter
713 2202 925 2250 Ordines
960 2204 1153 2269 proprie
1193 2200 1370 2262 dictos,
1407 2224 1510 2273 neg.
1547 2205 1607 2253 Id

190 2280 324 2335 patet
360 2271 427 2317 1⁰·
454 2288 517 2341 θὶς
546 2270 765 2320 Concilio
792 2271 1022 2334 Carthag.
1094 2278 1140 2321 4.
1180 2273 1442 2338 Postquam
1480 2273 1609 2321 enim

193 2338 410 2386 Clericos
452 2355 619 2386 omnes
655 2339 900 2402 recensuit
948 2356 1214 2405 eorumque
1263 2341 1609 2390 Ordinationes

190 2406 462 2469 descripsit,
501 2405 723 2455 Cantoris
747 2407 883 2455 addit
908 2407 1115 2455 officium
1137 2431 1148 2466 ;
1184 2409 1271 2456 sed
1297 2421 1464 2457 monet
1487 2410 1609 2458 illud

189 2473 292 2521 sine
318 2474 637 2523 Ordinatione
658 2492 780 2523 esse.
853 2475 949 2524 Ubi
975 2486 1138 2524 autern
1164 2494 1259 2524 non
1297 2488 1371 2526 est
1397 2479 1607 2526 Ordina-

192 2543 275 2597 tio,
312 2542 377 2590 ibi
419 2544 578 2591 nullus
611 2541 689 2591 'est
737 2543 875 2591 Ordo
904 2545 1303 2595 ecclesiasticus.
1375 2546 1605 2594 Officium

191 2626 306 2656 vero
330 2610 734 2668 ecclesiasticum,
762 2628 871 2665 cum
899 2622 1052 2659 totum
1080 2613 1293 2677 pendeat
1318 2618 1381 2662 ex
1408 2615 1605 2663 arbitrio

195 2677 465 2739 Superioris
485 2679 997 2743 ecclesiastici,potest
1013 2697 1119 2729 esse
1143 2681 1246 2730 sine
1268 2683 1608 2731 Ordinatione.

193 2743 331 2791 Idem
362 2756 552 2794 constat
590 2749 666 2793 2⁰.
701 2765 764 2794 ex
793 2748 997 2802 Rabano
1023 2748 1104 2812 qui
1141 2762 1366 2799 recenset
1409 2751 1606 2816 quidem

194 2812 502 2888 I‘salrnistas3
537 2814 624 2862 sed
648 2816 762 2863 satis
787 2815 970 2864 indicat
994 2834 1078 2865 eos
1115 2835 1224 2867 cum
1252 2818 1416 2869 Laicis
1456 2819 1604 2867 fuisse

191 2891 476 2944 permixtos.
625 2936 627 2942 χ
1603 2892 1609 2901 ’“

260 2948 358 3013 Oly:
391 2949 470 2996 30·
543 2949 763 3012 Fossarii,
803 2968 889 2998 seu
937 2950 1018 3016 qui
1060 2952 1314 3003 humandis
1350 2954 1609 3004 defuncto-

822 3020 860 3067 C
960 3025 963 3028 ’
1488 3037 1610 3074 „rum
