1846 3250
263 203 364 250 280
775 199 1208 254 TRACTATUS

257 336 412 386 rniales
447 352 538 384 non
574 341 781 400 spectare
830 337 896 384 ad
947 338 1142 387 Jua’ices
1198 338 1536 399 ecclesiasticos,
1573 356 1688 388 ana-

259 405 411 453 thema
436 403 513 451 sit.
585 401 812 451 Concinit
838 404 1039 452 Sanctio
1065 405 1225 469 Regia
1249 423 1326 455 an.
1361 411 1505 457 1606.
1570 409 1687 456 Vou-
1710 420 1719 426 “

257 470 363 519 lons
385 488 472 536 que
495 468 559 519 les
599 486 755 519 causes
795 480 1072 521 concernunt
1111 471 1177 521 les
1219 475 1450 540 mariages
1472 475 1618 523 soient
1641 481 1688 521 et
1712 496 1715 500 ’

258 538 622 603 appartiennent
656 555 685 585 a
720 536 768 585 la
827 540 1152 589 connoissance
1203 548 1247 588 et
1264 541 1569 602 jurisdiction
1606 542 1710 589 des'

257 606 411 670 Juges
432 603 810 670 ecclesiastiques‚
848 622 877 653 a
922 603 969 654 la
1011 607 1184 672 charge
1215 607 1350 671 qu’ils
1374 617 1530 657 serent
1553 617 1685 657 tenus

258 673 514 738 degarder
535 671 599 720 les
627 672 971 721 Ordonnances.

306 741 407 787 20·
444 738 562 788 Non
586 738 744 787 minus
769 749 957 788 certum
985 750 1059 789 est
1079 756 1137 789 ea
1162 758 1271 805 quae
1295 741 1343 788 in
1370 741 1682 791 matrimoniis

255 822 392 871 mere
407 811 529 856 'sunt
553 808 842 871 temporalia
867 817 917 855 et
942 806 1118 863 civilia,
1157 819 1210 856 ut
1250 809 1289 857 si
1315 820 1488 871 agatur
1513 810 1575 859 de
1599 820 1683 873 pa-
1704 815 1708 839 -’

255 874 382 923 terni
409 877 674 923 consensus
699 874 917 933 defectu,
936 876 1044 922 *sub
1076 876 1109 924 J
1114 875 1275 924 udicio
1302 877 1683 939 Magistratuum

252 942 558 1007 saecularium
584 941 779 999 cadere,
819 959 1025 1006 quorum
1069 953 1143 991 est
1184 943 1247 991 de
1285 944 1423 992 bonis
1448 960 1507 992 ac
1531 944 1705 992 fortu-'

253 1010 329 1057 nis
356 1010 545 1059 Civium
575 1009 846 1071 judicares
890 1012 1049 1059 Juxta
1095 1011 1222 1058 hanc'
1249 1010 1706 1074 jurisprudentiam'

253 1093 482 1141 suprema
520 1076 669 1124 Curia
719 1076 1001 1125 Parisiensis
1060 1078 1317 1126 nonnullas
1372 1079 1702 1133 Officialium,=

254 1144 336 1208 qui
373 1145 439 1192 'de
479 1142 865 1208 oppositionibus
900 1144 948 1191 in
987 1160 1041 1191 re
1084 1144 1340 1208 temporali
1373 1145 1679 1193 matrimonio

250 1211 395 1259 factis
420 1210 872 1276 pronuntiaverant,
913 1212 1190 1260 Sententias
1215 1212 1437 1260 abusivas
1464 1212 1682 1260 declara·

249 1278 337 1335 vit,
376 1280 429 1326 ut
455 1278 606 1325 refert
633 1278 852 1325 Collator
877 1279 1264 1341 Andegavensis.
1633 1285 1635 1287 ’

322 1346 566 1394 Caeterum
603 1344 748 1392 facile
782 1346 1070 1409 intelligitur
1107 1361 1190 1393 eos
1223 1361 1434 1409 peccare
1473 1345 1685 1412 graviter

251 1412 335 1478 qui
365 1413 479 1461 fieta
514 1422 687 1469 contra
745 1412 1107 1460 matrimonium
1166 1412 1515 1477 impedimenta
1573 1430 1684 1477 pro-

251 1489 442 1544 ponunt
465 1490 550 1528 aut
587 1479 849 1528 malitiosas
885 1481 1231 1529 intercessiones
1269 1490 1539 1544 opponunt,
1578 1497 1681 1529 eos-

254 1564 349 1619 que
376 1548 437 1604 de
464 1547 591 1614 omni
619 1547 751 1610 quod
777 1547 891 1604 inde
934 1547 1149 1595 nascitur
1192 1548 1487 1597 detrimento
1512 1549 1680 1597 teneri.

593 1679 675 1729 De
709 1682 987 1729 Bannorum
1037 1680 1339 1731 relaxatione.

320 1818 523 1865 Certum
550 1825 627 1863 est
663 1831 807 1878 posse
866 1814 1124 1877 aliquando
1165 1814 1374 1862 relaxari
1411 1815 1698 1863 bannorum=

251 1883 702 1949 legem,'10·‚quia
760 1883 808 1929 id
869 1883 1090 1930 decernit
1130 1883 1402 1930 Concilium
1455 1882 1688 1931 Tridentf

250 1968 375 2006 sess,
400 1953 481 2000 24.
524 1959 634 2013 cap.
668 1953 710 1997 1.
754 1950 834 1997 ubi
875 1950 1287 2014 dispensationem
1322 1950 1370 1995 in
1409 1950 1677 1997 bannorum

248 2018 643 2082 promulgatione
683 2017 1041 2080 Episcoporum
1092 2016 1280 2078 judicio
1317 2016 1562 2080 relinquit.
1598 2020 1676 2063 20·

252 2086 486 2133 Edictum
526 2086 759 2134 Blesense
793 2084 1031 2147 permittit
1066 2083 1114 2130 in
1169 2084 1324 2147 prima
1373 2094 1422 2131 et
1463 2084 1680 2132 secunda

251 2152 620 2202 denuntiatione
658 2152 939 2214 dispensari.
1015 2155 1095 2198 3⁰·
1145 2152 1253 2198 Lex
1278 2167 1335 2198 ea
1360 2148 1565 2215 positiva
1590 2161 1679 2199 est.

250 2221 404 2269 Porro
432 2220 593 2282 Leges
619 2219 838 2282 positivae
873 2218 1077 2266 relaxari
1120 2229 1338 2282 possunt,
1375 2219 1414 2265 si
1449 2218 1678 2282 legitimae

223 2282 343 2336 ”sint
370 2290 545 2335 eausae.

323 2353 513 2412 Qaceres
543 2352 612 2400 19·
650 2356 787 2414 eujus
830 2351 891 2399 sit
931 2351 979 2398 in
1005 2352 1274 2399 bannorum
1302 2350 1677 2399 denuntiationi-

249 2424 340 2470 bus
367 2421 689 2485 dispensare?
743 2434 750 2438 ’

301 2491 384 2538 Ἠ.
419 2489 508 2536 εὀΙί
546 2485 805 2535 Ordinario
841 2486 890 2533 id
917 2485 1039 2547 juris
1075 2484 1247 2541 inesse,
1287 2494 1338 2532 ut
1385 2494 1575 2534 constat
1612 2502 1675 2535 ex

250 2571 340 2615 usu
367 2568 416 2604 et
446 2554 635 2604 Concil.
663 2554 884 2601 Trident.
912 2569 1028 2600 mox
1054 2552 1268 2600 laudato.
1340 2552 1433 2600 Per
1469 2553 1678 2602 Ordina-

249 2625 372 2671 rium
419 2638 534 2669 vero
593 2622 882 2683 intelligitur
935 2621 1228 2683 Episcopus,
1267 2619 1491 2668 Vicarius
1548 2620 1676 2669 illius

250 2689 493 2753 generalis
529 2698 611 2736 aut
651 2688 927 2751 Capitulum
982 2687 1122 2751 Sede·
1155 2697 1378 2742 vacante,
1428 2687 1465 2735 si
1510 2698 1675 2735 tamen

248 2758 457 2806 limitata
481 2764 577 2803 non
601 2755 750 2802 fuerit
777 2763 979 2817 utraque
1005 2763 1236 2817 potestas,
1302 2771 1305 2773 ·
1330 2755 1435 2800 Irno
1485 2755 1677 2803 Decani

254 2826 448 2891 quidam
487 2833 536 2871 et
581 2822 801 2869 Abbates
840 2821 1238 2869 commendatarii
1286 2820 1519 2882 hoe-jure
1557 2837 1687 2885 gam·

254 2896 393 2949 dent,
427 2894 486 2939 eo
524 2889 678 2954 qu'od'*⁴
703 2888 1093 2952 jurisdictionem
1155 2889 1292 2952 quasi
1347 2888 1673 2952 episcopalem

253 2962 482 3020 habeant.
556 2958 647 3020 'At
672 2972 764 3004 nec
792 2955 1015 3019 Parochi,
1054 2972 1147 3004 nec
1178 2954 1545 3013 Archidiacom,
1582 2969 1675 3009 nec

255 3026 502 3078 Officiales
525 3020 779 3092 privilegio
806 3023 887 3072 tali
911 3023 1154 3071 fruuntur.
1485 3089 1528 3146 Q

1530 3105 1676 3138 uaeres
