1846 3250
627 0 654 19 l

562 196 566 202 Δ
614 168 710 216 DE
748 166 1038 217 ORDINE.
1443 168 1542 217 147⁵

200 296 438 362 Acolythi
462 304 622 344 autem
648 294 719 342 sic
743 293 985 352 dicuntur,
1014 291 1125 358 quia
1150 309 1316 341 eorum
1342 301 1415 341 est
1445 307 1543 338 ma

132 374 263 430 jores
289 365 536 415 Ministros
559 362 609 415 in
638 377 779 409 sacro
804 362 1067 410 ministerio
1090 362 1228 426 sequi
1263 376 1322 409 ac
1349 359 1546 409 comita

135 437 211 492 ri;
250 432 493 499 Acolytkos
518 431 644 479 enim
686 447 783 477 vox
820 442 893 478 est
918 432 1106 490 Graeca,
1145 446 1252 494 qnae
1278 429 1445 478 eadem
1473 439 1547 476 est

141 521 199 552 ac
232 503 394 560 latine,
429 499 616 558 assecla,
657 499 847 547 Comes·

728 637 979 686 Monitum.

218 784 400 831 Contra
439 777 711 828 Haereticos
753 777 1023 826 ostenditur
1049 776 1321 826 Ecclesiam
1358 776 1405 824 in
1432 776 1580 825 votis,

148 850 357 899 maxime
404 848 583 896 habere
635 858 704 894 ut
735 859 941 910 quatuor
987 846 1196 894 minores
1238 844 1446 894 Ordines
1494 844 1556 893 ad

149 920 361 984 priscum
386 933 524 965 usum
561 915 892 964 restituantur.
1103 953 1105 955 a
1530 953 1533 955 ,

220 985 507 1035 Notavimus
540 984 588 1030 in
612 983 765 1047 prima
799 992 937 1046 parte
966 980 1222 1030 interstitia
1245 982 1371 1031 inter
1394 982 1558 1044 singu·

154 1057 226 1102 los
268 1053 475 1101 minores
517 1051 728 1100 Ordines
762 1066 837 1098 ex
875 1049 1095 1099 Concilio
1131 1050 1266 1099 Trid.
1307 1049 1559 1105 servanda,

156 1121 509 1186 Episcoporum
543 1119 731 1181 judicio
756 1134 862 1167 esse
898 1118 1099 1181 relicta3
1135 1135 1228 1167 nec
1264 1118 1462 1167 dubium
1489 1128 1563 1166 est

160 1191 276 1255 quin
324 1187 594 1238 rationabili
642 1187 704 1236 de
752 1202 900 1235 causa
955 1186 1136 1235 remitti
1180 1188 1381 1251 possint,
1417 1187 1564 1249 idque

159 1275 247 1323 pro
286 1269 422 1306 certo
455 1272 519 1304 ac
558 1266 665 1303 rato
702 1255 871 1303 habuit
920 1254 970 1302 S.
1019 1255 1220 1303 Carolus
1259 1255 1307 1302 in
1344 1256 1566 1303 Concilio

161 1325 368 1375 Mediol.
400 1330 449 1372 «4
477 1324 637 1385 Hujiis
672 1334 834 1371 autem
870 1321 1193 1370 concessionis
1230 1338 1377 1371 causa
1406 1323 1569 1386 legiti-

165 1403 340 1442 maest
392 1395 468 1439 1⁰·
508 1390 843 1457 Ministrornm
866 1389 1085 1454 penuria.
1158 1394 1239 1437 20·
1277 1389 1491 1448 Utilitas,
1527 1391 1569 1438 si

164 1477 339 1524 nempe
364 1460 414 1507 in
449 1474 624 1522 magno
650 1457 1216 1506 Ministrorum'numero
1252 1457 1397 1522 pauci
1437 1459 1572 1507 inve-

161 1531 354 1578 niantur
378 1527 556 1575 idonei.
615 1529 695 1574 30·
712 1525 1115 1574 ordinandorum
1139 1526 1414 1590 provectior
1438 1538 1570 1585 πεῖθε,

168 1603 258 1646 διο.
779 1615 783 1618 ⁴
964 1602 965 1605 ’
1193 1614 1196 1618 ’
1359 1608 1362 1610 ’

236 1668 397 1719 Quare
444 1673 623 1720 autem,
659 1660 698 1709 si
745 1671 880 1710 tanta
928 1671 1002 1709 est
1049 1661 1282 1709 minorum
1333 1661 1575 1711 Ordinum

173 1731 481 1789 excellentia,
518 1735 685 1779 eorum
724 1746 855 1778 nunc
888 1734 988 1791 jam
1014 1734 1141 1792 pene
1163 1730 1322 1778 nullus
1347 1740 1421 1779 est
1446 1747 1576 1787 usus,

173 1802 307 1850 nulla
343 1798 672 1849 exercitatio?
709 1799 807 1846 Cur
831 1799 965 1846 nulla
1000 1797 1057 1844 iis
1098 1796 1477 1861 interponuntur
1508 1799 1581 1846 in-

171 1869 412 1918 terstitia?
455 1869 554 1943 Cur
596 1882 762 1914 eorum
804 1865 960 1913 officia
983 1881 1011 1912 a
1036 1864 1214 1921 Laicis,
1244 1865 1575 1914 conductitiis-

174 1954 269 2001 que
293 1934 527 2000 personis,
561 1950 660 1981 non
690 1933 794 1981 sine
816 1948 1063 1981 sacrorum
1100 1932 1441 1998 mysteriorum
1464 1934 1580 1982 irre-

176 2004 408 2057 verentia,
446 2003 777 2049 exercentur?

243 2072 425 2119 Verum
462 2072 535 2116 est
571 2068 766 2132 quidem
801 2065 1086 2116 inferiorum
1116 2067 1356 2116 Ordinum
1393 2069 1583 2119 exerci-

180 2140 297 2187 tium
330 2143 431 2199 jam
456 2136 568 2184 inde
592 2153 620 2184 a
656 2135 870 2200 pluribus
902 2136 1041 2184 annis
1079 2152 1254 2199 magno
1278 2137 1401 2185 sacri
1425 2138 1587 2187 minis-

181 2206 286 2256 terii
311 2206 603 2259 detrimento
627 2220 733 2253 esse
755 2204 1051 2281 neglectum,
1077 2203 1284 2266 indeque
1313 2205 1587 2254 Haeretieos

181 2273 508 2339 implacabiles
536 2271 1011 2320 Ecclesiaeinimicos
1036 2272 1128 2353 piae
1169 2272 1284 2321 huic
1325 2274 1465 2321 matri
1503 2274 1589 2321 de-

183 2342 423 2391 trectandi
447 2341 751 2388 occasionem
770 2340 1057 2422 sumpsisse,
1070 2340 1180 2388 sed
1199 2357 1323 2403 nego
1347 2340 1394 2387 in
1413 2342 1590 2390 Eccle-

184 2411 301 2459 siam
342 2409 700 2458 accusationem
739 2408 870 2456 illam
908 2413 1019 2470 jure
1065 2407 1289 2462 refundi;
1338 2409 1433 2457 hoc
1474 2426 1590 2458 vero

186 2480 362 2526 malum
390 2475 775 2533 circumstantiis,
801 2476 1115 2539 temporibuS‚
1152 2476 1484 2525 Ministrorum
1508 2494 1595 2541 pe-

189 2546 338 2592 nuriae
375 2544 707 2607 imputandum
747 2555 840 2592 est.
917 2544 1189 2591 Ecclesiam
1225 2554 1399 2592 sautem
1445 2547 1594 2594 vehe-

192 2622 378 2660 menter
401 2623 632 2675 exoptare
653 2623 704 2660 ut
729 2612 937 2660 minores
963 2611 1173 2659 Ordines
1193 2611 1256 2659 ad
1281 2611 1422 2660 officii
1447 2613 1606 2661 divini

194 2679 515 2744 splendorem,
553 2680 847 2743 Populorum
888 2678 1289 2738 aedificationem„
1303 2684 1449 2742 juxta
1479 2682 1600 2745 pris-

197 2764 302 2795 cam
329 2746 627 2810 disciplinam
646 2757 994 2804 exerceantur,
1027 2747 1294 2796 certissime
1320 2758 1509 2811 constat
1534 2765 1599 2797 ex

201 2814 391 2865 Concil.
415 2813 546 2860 Trid.
570 2831 685 2863 sess.
710 2819 790 2862 23.
808 2814 868 2862 de
894 2815 1113 2864 Reform.
1138 2832 1181 2863 c.
1210 2816 1286 2866 17.

270 2883 318 2931 S.
345 2881 547 2929 Carolus
590 2882 786 2930 Patrum
829 2883 1223 2932 Tridentinoruni
1270 2891 1481 2931 mentem
1526 2899 1603 2931 se·
1643 2919 1645 2921 -

201 2961 343 2999 cutus
379 2948 672 2997 in‘Concilio
697 2949 902 3014 Medici.
971 2955 1023 2999 46
1061 2951 1338 3000 Decretum
1370 2948 1523 2997 edidit
1550 2962 1603 3000 ut

851 3018 895 3064 Ο
1368 3015 1604 3068 minorum
