1846 3250
639 205 735 254 DE
774 181 1064 254 ORDINE.
1494 207 1556 257 τε

149 342 421 399 dicentibus,
444 342 530 389 etsi
553 356 648 392 mm
672 342 906 403 quantum
929 342 998 387 ad
1012 356 1123 403 rem,
1147 348 1302 388 tantan
1326 350 1561 426 quantum

151 414 222 460 ad
238 412 547 459 characterem
568 410 889 485 conserantur:

217 479 378 527 Dices.
418 478 581 526 Sancti
608 480 771 541 plures
793 476 926 524 inviti
946 492 1142 540 prorsus
1167 476 1214 523 in
1232 478 1562 556 Praesbyteros

153 558 236 597 aut
265 546 533 610 Episcopos
560 544 764 594 ordinati
790 554 919 592 sunt.
988 543 1138 607 Erro,
1174 549 1263 592 ὅτε.

163 621 165 623 ’
221 618 283 663 R.
308 632 410 676 neq.
435 622 535 661 ant.
575 615 652 662 Ex
678 611 915 660 modestia
945 612 1142 675 quidem
1167 612 1288 660 sacri
1317 613 1567 663 ministerii

154 684 523 731 Ordinationem
543 682 881 745 refugiebant3
916 697 1084 728 verum
1110 679 1323 738 tandem,
1351 684 1565 746 quamvis

154 769 250 799 non
276 751 378 798 sine
402 750 570 798 intimo
588 749 765 798 doloris
789 765 949 805 sensu,
990 748 1301 812 Superiorum
1328 750 1565 799 mandatis

157 819 463 897 cognitaeque
489 819 585 866 Dei
612 819 844 865 voluntati
868 833 975 865 sese
998 816 1371 880 subjiciebant..
1421 819 1567 867 Unde

161 888 354 971 penitus
379 897 564 973 coactae
587 903 684 971 non
709 896 846 971 erant
881 901 1049 933 eoium
1074 885 1434 934 Oidinationes.

590 1021 821 1071 PROPO
831 1020 1014 1069 SITIO
1051 1021 1160 1068 IV.

173 1159 305 1207 Valet
326 1166 559 1222 quantum
581 1159 649 1205 ad
681 1157 992 1205 characterem
1021 1158 1275 1206 Ordinatio
1300 1157 1567 1218 Hoeretz'cis‚

159 1276 166 1282 ,
232 1227 571 1283 Schismaticz’s,
609 1226 847 1288 improbis,
883 1226 1139 1273 secundum
1163 1227 1308 1273 ritum
1332 1243 1363 1273 a
1383 1227 1569 1277 Christo

226 1297 493 1342 institutum
535 1294 722 1342 collata.

231 1428 503 1492 ΡιοΡοείῐίο
550 1428 722 1477 militat
781 1438 951 1477 contra
1008 1428 1270 1489 Viclefum‚
1330 1433 1572 1481 Joannem

166 1498 293 1553 Ilus,
336 1497 602 1544 Antonium
628 1498 689 1544 de
715 1497 952 1558 Dominis.

227 1564 375 1613 Proh.
405 1564 477 1611 1⁰
507 1565 558 1613 Si
583 1565 742 1612 valida
766 1582 861 1611 non
883 1574 1008 1611 esset
1035 1563 1290 1614 Ordinatio
1314 1568 1572 1618 Haereticis

161 1634 252 1681 rite
280 1634 472 1690 collata,
510 1635 607 1679 non
643 1634 934 1698 permisisset
964 1633 1187 1681 Ecclesia
1213 1641 1284 1681 ut
1290 1634 1338 1711 ii,
1378 1632 1572 1699 quando

163 1696 223 1751 ad
249 1702 493 1777 gremium.
526 1718 663 1749 suum
690 1700 868 1749 reversi
910 1710 1037 1757 sunt,
1078 1693 1330 1751 Ordines
1317 1720 1366 1750 m
1402 1704 1574 1753 haeresi

165 1780 417 1833 susceptos
458 1768 560 1816 sine
604 1769 922 1818 Ordinatione
964 1782 1087 1817 nova
1113 1781 1420 1830 exercerent,
1463 1789 1573 1822 suas

169 1838 321 1899 Sede-s
358 1849 621 1894 servarent,
658 1854 715 1885 ac
751 1837 798 1884 in
841 1837 1012 1900 eodem
1050 1839 1203 1900 gradu
1236 1849 1576 1891 remanerent:

166 1906 298 1971 atqui
333 1910 502 1955 'tamen
518 1919 530 1923 ‘¹
547 1904 597 1953 id
641 1905 1031 1968 frequentissime
1077 1906 1290 1968 permisit
1334 1908 1575 1968 Ecclesia,

168 1974 388 2021 nimirum
416 1975 464 2023 id
490 1972 769 2020 Novatiansi
796 1972 990 2019 indulsit
1036 1974 1223 2036 Concil.
1241 1975 1502 2038 Nicaenutn
1534 1981 1576 2025 1.

171 2058 277 2089 can.
302 2046 346 2088 8.
377 2038 643 2089 Donatistis
670 2040 856 2088 Concil.
879 2039 1162 2088 Africanum
1190 2059 1297 2090 can.
1314 2047 1396 2090 38.
1420 2044 1579 2093 diver-

169 2111 231 2157 sis
259 2109 516 2158 Haereticis
540 2109 710 2155 Innoc.
736 2109 775 2154 Ι.
813 2108 1035 2171 Synodus
1071 2111 1308 2171 generalis
1334 2113 1381 2162 7.
1417 2124 1506 2160 art.
1537 2117 1577 2162 l.

175 2179 376 2255 Semper
410 2176 557 2242 igitur
584 2176 864 2224 Christianis
887 2192 1168 2252 persuasum
1211 2179 1304 2226 fuit
1330 2180 1579 2229 Ordinati-

171 2263 231 2293 01
239 2262 275 2293 is
316 2245 408 2292 vim
449 2263 513 2294 ex
557 2244 736 2294 Christi
784 2243 982 2303 meritis,
1024 2260 1120 2293 non
1159 2263 1188 2296 a
1232 2248 1576 2312 sucipientium

170 2310 426 2362 sanctitate
451 2313 741 2361 metiendam
768 2322 890 2360 esse.

182 2387 186 2391 ’
241 2382 372 2429 Hinc
411 2399 520 2430 cum
562 2381 617 2427 in
651 2380 859 2445 antiquis
885 2380 1174 2429 Canonibus
1219 2382 1397 2444 legitur
1442 2383 1578 2433 irrita.

173 2444 278 2498 esse
326 2448 661 2514 Improborum
707 2450 783 2495 vel
844 2448 1199 2502 Haereticorum
1248 2450 1575 2510 Sacramenta,

173 2517 388 2583 intellige
414 2518 500 2566 de
513 2517 646 2565 licito
684 2534 774 2563 usu
807 2514 1069 2565 officiorum
1095 2517 1358 2566 Ordinibus
1393 2536 1579 2569 annex-

175 2601 328 2639 orum,
375 2588 470 2633 non
518 2602 632 2632 vero
679 2585 740 2632 <le
786 2584 890 2648 ipsa
946 2585 1213 2633 substantia
1262 2586 1579 2638 sacramenti.

178 2650 310 2699 Hinc
336 2653 490 2701 etiam'
530 2669 640 2700 cum
678 2652 882 2715 legitur
894 2653 1024 2716 apud
1058 2662 1247 2701 veteres
1287 2655 1575 2722 Episcopus,

180 2720 301 2765 malo
340 2723 500 2768 animo
539 2721 756 2790 oppletos,
791 2737 884 2768 esse
912 2721 1073 2785 falsos
1095 2718 1376 2786 Episcopos,
1409 2741 1504 2772 non
1544 2743 1575 2771 a

177 2784 232 2833 I)
234 2803 284 2833 eo
314 2793 565 2849 promotos,
613 2805 706 2836 esse
740 2787 889 2851 lupos,
925 2805 1021 2836 non
1048 2787 1322 2838 Sacerdotes
1354 2792 1578 2866 intellige

178 2871 273 2901 non
299 2870 403 2918 esse
431 2856 717 2904 Sacerdotes
756 2867 984 2919 qnantum
1011 2855 1074 2904 ad
1115 2858 1211 2905 Dei
1235 2858 1490 2916 intentum,
1526 2871 1580 2906 et

177 2922 239 2970 acl
273 2913 635 2970 sanctimoniam
671 2924 809 2974 vitae·
844 2923 970 2972 sicut
1009 2924 1186 2984 dicitur
1220 2929 1443 3003 noverca,
1481 2943 1579 2973 non

179 2994 348 3049 mater,
387 3001 491 3053 qnae
533 2989 685 3038 filios·
702 3000 814 3040 suos
861 2984 976 3040 non
1004 3001 1178 3055 θυΐαις
1225 2992 1351 3058 sicut
1403 2993 1580 3041 dicitur

755 3059 831 3105 Η
1403 3061 1579 3110 malum
