1846 3250
296 174 363 219 64
773 164 1201 227 TRACTATUS

285 309 444 357 clarat
487 306 830 358 Mendicantes
865 328 893 358 a
911 320 1238 377 quocumque
1277 312 1522 392 Episcopo
1562 329 1703 392 posse

289 375 516 432 ordinari,
567 375 765 426 licentia
806 379 1050 428 Ordinarii
1092 382 1185 429 loci
1228 383 1422 430 minime
1463 383 1704 444 requisita.

288 445 357 492 Er
360 460 424 507 go
440 444 561 492 falsa
579 455 691 493 sunt
710 463 813 509 quae
832 447 879 493 in
900 449 1290 512 responsionibus
1314 451 1702 516 praecedentibus

286 522 472 560 asserta
495 523 623 561 sunt.

353 583 416 630 R.
454 580 747 644 Gregorium
772 582 880 631 XV.
919 600 1024 633 eam
1052 586 1241 636 Bullam
1277 602 1531 635 revocasse
1563 597 1612 633 et
1638 584 1702 632 ad

284 648 516 697 terminos
557 660 658 697 tum
684 651 816 699 Juris
843 654 1110 700 communis
1146 665 1249 701 tum
1277 653 1429 703 Conc.
1455 654 1587 701 Trid.
1624 669 1701 700 re-

281 717 482 764 duxisse
516 716 566 763 in
600 734 687 766 sua
713 720 1070 769 Constitutione
1106 739 1214 786 quae
1248 721 1433 788 incipit,
1483 724 1541 771 In
1566 729 1699 769 tanta

280 799 454 833 rerum.
1550 820 1551 823 η

277 873 279 875 ’
355 854 545 909 Quaeres
576 856 682 901 110·
717 870 777 903 an
807 856 1026 905 Abbates
1058 858 1307 922 regulares
1343 858 1528 924 possint
1552 872 1697 920 quos-

277 921 392 970 dam
421 921 631 970 Ordines
654 923 752 970 suis
777 925 1037 988 Religiosis
1063 926 1325 974 conferre?

275 1005 281 1011 ·
348 990 410 1037 R.
442 992 518 1035 10·
554 991 776 1039 Abbates
805 993 1095 1042 Sacerdotes
1120 1010 1178 1042 ae
1207 994 1502 1042 Benedictos
1527 1009 1589 1040 ex
1615 1007 1698 1040 an·

272 1056 417 1120 tiqut)
436 1059 594 1105 Jure'
583 1075 630 1104 ln
660 1060 858 1123 Synodo
880 1061 1100 1110 Trident.
1124 1079 1241 1110 sess.
1268 1065 1347 1110 )3.
1373 1079 1416 1110 c.
1449 1066 1523 1109 10.
1558 1076 1701 1108 reno—

277 1136 407 1189 vatO,
445 1142 586 1189 posse
610 1136 856 1176 tonsuram
896 1138 946 1177 et
969 1129 1179 1178 minores
1205 1130 1416 1178 Ordines
1441 1128 1695 1194 Religiosis

275 1194 364 1242 sibi
397 1195 589 1243 subditis
630 1196 869 1253 conferre,
918 1213 1014 1244 non
1057 1208 1218 1246 autem
1262 1199 1379 1245 alios
1422 1198 1693 1262 superiores

278 1250 508 1310 Ordines·
575 1263 651 1310 Ibi
690 1280 754 1311 ex
782 1264 1045 1313 Ordinibus
1079 1283 1200 1329 quos
1242 1266 1466 1314 conferre
1507 1264 1700 1328 possint

276 1331 516 1384 Abbates‚
576 1329 664 1377 soli
700 1332 908 1380 minores
955 1344 1289 1390 recensentur,
1348 1351 1439 1382 nec
1487 1332 1690 1397 proinde

273 1408 433 1446 tutum
461 1407 536 1445 est
560 1398 677 1446 alios
702 1400 976 1464 superiores
1002 1402 1211 1449 Ordines
1241 1403 1300 1449 ab
1326 1401 1440 1464 ipsis
1463 1400 1691 1452 conferri.

272 1467 381 1513 Imo
407 1466 500 1513 hoc
524 1466 828 1529 privilegium
857 1470 1105 1517 Abbatum
1140 1470 1346 1517 minores
1372 1469 1615 1517 Ordmes
1604 1485 1692 1514 im-

270 1533 514 1598 perriendi
536 1534 640 1582 fere
666 1536 799 1582 hisce
826 1538 1121 1599 temporibus
1145 1537 1375 1595 exolevit,
1412 1537 1591 1601 vixque
1614 1552 1690 1584 re-

268 1602 524 1666 periuntur
550 1602 632 1664 qui
657 1619 716 1650 eo
741 1613 952 1651 utantur.

270 1677 273 1683 “
340 1671 407 1718 R.
430 1670 508 1715 20·
545 1670 750 1716 vetitum
775 1687 880 1719 esse
906 1671 1116 1735 praefatis
1135 1672 1408 1721 Abbatibus
1434 1681 1691 1737 quantum-

270 1737 344 1785 vis
368 1737 609 1800 exemptis
646 1747 892 1785 tonsuram
931 1756 989 1788 ac
1014 1740 1221 1787 minores
1247 1740 1335 1788 sibi
1362 1758 1457 1787 non
1482 1740 1686 1788 subditis

270 1806 334 1854 ad
365 1822 418 1854 se
450 1805 814 1864 accedentibus,
852 1807 996 1855 etiam
1034 1825 1144 1855 cum
1170 1808 1370 1856 Litteris
1408 1808 1686 1856 dimissoriis

270 1873 452 1939 proprii
495 1874 743 1937 Episcopi,
782 1874 1020 1930 conferre,
1058 1885 1108 1922 et
1146 1875 1183 1923 si
1208 1893 1350 1924 secus
1387 1876 1471 1923 fiat
1506 1877 1685 1923 incurri

269 1942 635 2006 suspensionem
674 1952 776 1989 tum
815 1945 874 1991 ab
903 1943 1149 1991 Ordinatis
1183 1954 1282 1991 tum
1321 1947 1381 1992 ab
1409 1944 1687 1992 Ordinanti-

270 2011 378 2058 bus.
449 2009 628 2057 Valent
669 2019 831 2057 tamen
874 2022 1071 2058 tonsura
1096 2022 1144 2059 et
1175 2012 1384 2061 Ordines
1410 2013 1480 2059 sic
1507 2012 1687 2060 collati.

266 2080 346 2126 Ita
371 2076 671 2125 Benedictus
690 2078 835 2125 XIV.
871 2079 952 2124 lib.
983 2081 1028 2124 2.
1064 2079 1127 2127 de
1153 2080 1356 2143 Synodo
1390 2081 1683 2128 dioecesana.

269 2147 351 2193 Ita
391 2145 536 2193 etiam
574 2144 789 2193 definivit
824 2161 962 2193 sacra
998 2148 1345 2212 Congregatio‚
1383 2150 1683 2212 approbante

267 2214 472 2263 'Urbano
499 2213 644 2260 Vni.

339 2280 619 2329 Notandum
647 2289 720 2328 est
758 2280 1040 2330 Cardinales
1066 2282 1396 2346 Praesbyteros
1421 2282 1683 2345 episcopali

266 2349 610 2398 benedictione
645 2349 867 2397 inunctos
893 2349 1143 2413 privilegio
1180 2350 1530 2397 consuetudine
1566 2366 1681 2396 con-

265 2420 457 2466 firmato
483 2417 696 2479 gaudere
733 2428 977 2465 tonsuram
1014 2433 1072 2465 ac
1108 2417 1315 2465 minores
1341 2418 1548 2465 Ordines
1584 2417 1681 2465 suis

266 2485 580 2533 familiaribus
606 2484 907 2532 conferendi.

345 2555 540 2612 Quaeres
572 2555 681 2599 12⁰·
706 2568 765 2599 an
784 2553 925 2600 liceat
950 2550 1209 2617 aliquando
1230 2551 1438 2600 Ordines
1463 2553 1521 2601 ab
1546 2552 1683 2618 Epis-

263 2633 396 2683 'copo
420 2620 579 2667 alieno
603 2620 883 2683 suscipere?

265 2704 268 2712 ¹
336 2687 402 2735 R.
438 2686 488 2733 id
513 2687 773 2750 aliquando
797 2689 961 2742 licere,
998 2685 1035 2733 si
1062 2686 1282 2749 proprius
1299 2687 1569 2752 Episcopus
1593 2704 1682 2753 per

267 2756 483 2813 Litteras
526 2754 817 2802 dimissorias
859 2770 1146 2802 consensum
1184 2754 1388 2803 dederit.
1462 2759 1538 2803 lta
1571 2766 1681 2819 post

262 2825 424 2871 multa
456 2821 677 2870 Concilia
718 2822 943 2885 Synodus
969 2822 1104 2869 Trid.
1140 2838 1257 2870 sess.
1286 2825 1334 2872 7.
1374 2824 1435 2871 de
1463 2824 1682 2871 Reform.

270 2908 316 2939 c.
363 2894 437 2939 10.
471 2906 589 2937 sess.
636 2893 708 2936 14.
749 2904 794 2937 c.
832 2892 877 2937 2.
912 2905 1030 2936 sess·
1072 2892 1152 2936 23.
1190 2905 1234 2937 c.
1277 2894 1324 2938 8.
1386 2892 1540 2941 'Unde
1581 2906 1675 2936 non

264 2959 445 3009 'sufficit
494 2955 819 3008 testimonium
868 2956 1100 3022 Episcopi
1147 2958 1342 3022 proprii,
1391 2957 1681 3006 si-‘nonsit

1449 3035 1682 3090 scriptum
