1846 3250
584 165 680 217 DE
700 165 1218 217 ’MATRIMONIQ
1402 241 1406 246 .
1520 166 1619 219 307

207 305 444 361 “Quaeres
490 303 565 350 2⁰·
600 316 661 351 an
711 301 1126 365 consanguinitas,
1186 310 1237 350 et
1275 315 1371 366 quo
1406 298 1457 347 in
1491 313 1616 365 grau

183 370 244 421 sit
270 371 670 436 impedimentum
696 369 928 417 dirimens
952 370 976 416 Ρ

181 471 184 473 «
251 439 318 487 R.
365 440 440 485 10·
475 437 524 484 in
551 437 680 484 linea
705 447 841 485 recta
883 434 1360 500 consanguinitatem
1385 450 1473 483 seu
1499 449 1617 498 cog-

182 506 429 554 nationem
455 519 769 569 quocumque
810 504 859 550 in
901 504 1059 567 gradu
1100 503 1461 552 matrimonium
1504 502 1618 556 diri÷

184 589 334 631 mere,
360 571 510 621 veluti
546 572 673 619 inter
709 580 897 634 patrem
952 581 1004 619 et
1060 571 1226 647 filiam,
1262 570 1339 618 vel
1375 585 1516 617 avum
1567 580 1620 626 et

182 650 401 705 neptem,
438 650 489 688 et
513 638 666 702 usque
690 637 739 685 in
763 637 1021 696 infinitum,
1047 648 1099 686 ut
1133 638 1202 687 ait
1228 637 1463 687 Nicolaus
1489 638 1530 686 1.
1555 636 1620 685 ad

186 708 424 757 Consulta
449 708 775 771 Bulgarorum
796 723 839 754 c.
867 708 947 754 39.
973 705 1106 768 quod
1133 714 1517 755 consentaneum
1541 714 1618 790 est

185 775 296 833 Juri
322 774 559 824 civililib.
589 780 633 824 1.
655 774 777 822 Inst.
799 773 876 822 tit.
900 773 964 822 de
988 773 1148 838 Nupt.

184 874 190 880 ν
257 842 592 893 Conveniunt
605 840 848 906 Theologi
873 857 1043 890 omnes
1068 839 1543 904 consanguinitatem
1566 840 1620 889 in

186 911 343 975 primo
367 911 524 974 gradu
547 911 688 958 lineae
707 919 858 958 rectae
881 909 1242 958 matrimonium
1262 907 1490 957 dirimere
1507 914 1621 970 jure

185 979 413 1028 naturali.
482 978 671 1027 Horret
696 980 824 1025 enim
849 986 1040 1033 natura,
1073 992 1168 1025 nec
1191 975 1394 1024 ferunt'
1381 975 1473 1040 ipsi
1500 976 1621 1023 Bar-

185 1045 291 1095 bari
328 1045 474 1094 filiam
516 1045 643 1109 patri
681 1044 914 1108 conjungi
956 1054 1041 1092 aut
1079 1053 1284 1093 matrem
1322 1042 1439 1093 filio.
1509 1043 1620 1092 Imo

181 1114 432 1194 ’Theologi
490 1112 793 1162 contendunt
858 1112 1262 1177 impedimentum
1327 1111 1424 1161 hoc
1474 1110 1624 1159 etiam

172 1186 289 1243 jure
321 1180 528 1229 naturali
586 1181 650 1228 ad
702 1180 975 1228 secundum
1034 1179 1176 1228 lineae
1213 1188 1358 1228 rectae
1407 1179 1619 1242 gradum

183 1248 422 1304 extendi3
458 1247 537 1296 alii
562 1248 625 1297 ad
666 1263 834 1296 omnes
872 1247 1053 1311 gradus
1095 1263 1250 1311 usque
1288 1247 1340 1295 in
1364 1247 1623 1294 infinitum.

189 1315 442 1379 Quidquid
466 1316 543 1373 sit,
570 1324 761 1364 constat
781 1315 998 1382 nullam
984 1332 1032 1362 m
1057 1314 1188 1363 linea
1210 1325 1348 1362 recta
1373 1315 1623 1378 dispensa-

190 1384 370 1432 tionem
401 1382 625 1460 concedi,
662 1398 756 1430 nec
794 1399 1005 1446 unquam
1040 1381 1190 1430 fuisse
1227 1398 1530 1430 concessam.

257 1453 321 1500 R.
350 1452 430 1496 20·
455 1450 505 1497 in
539 1451 668 1498 linea
705 1450 973 1498 collaterali
1008 1450 1351 1514 cognationem
1378 1450 1439 1498 ad
1478 1465 1621 1514 quar-

188 1529 292 1567 tum
328 1533 482 1582 usque
517 1517 724 1582 gradum
781 1518 1037 1576 inclusive,
1095 1534 1189 1565 nec
1227 1519 1370 1574 ultra,
1415 1516 1622 1580 impedi-

192 1595 409 1635 mentum
438 1601 545 1633 esse
571 1584 817 1642 dirimens,
855 1595 910 1633 ut
951 1595 1188 1633 statutum
1232 1595 1305 1633 est
1331 1600 1360 1632 a
1403 1584 1625 1633 Concilio

190 1652 511 1702 Lateranensi
537 1658 583 1702 4.
609 1668 717 1700 can.
743 1656 824 1700 50.
851 1657 989 1714 quus
1032 1653 1305 1701 Decretum
1341 1663 1626 1700 constanter

178 1724 498 1770 ‘observatum
525 1730 618 1769 est.
689 1720 1060 1782 Antiquioribus
1108 1719 1411 1785 temporibus
1437 1719 1629 1769 diversa

190 1789 351 1838 fuerat
394 1787 633 1836 Ecclesiae
666 1787 937 1851 disciplina.
1013 1788 1185 1841 Primis
1228 1787 1420 1836 saeculis
1462 1787 1511 1835 in
1551 1803 1627 1836 se·-

194 1857 357 1905 cundo
410 1856 565 1920 gradu
619 1855 970 1918 consanguinei
1031 1856 1322 1903 contrahere
1381 1865 1627 1918 poterant,

193 1935 320 1972 teste
349 1926 483 1986 Aug.
506 1923 589 1971 lib.
615 1925 696 1971 25.
723 1922 785 1970 de
812 1922 1023 1971 Civitate
1058 1922 1154 1970 Dei
1182 1938 1289 1986 cap.
1322 1925 1397 1971 16.
1491 1923 1627 1970 Dein

192 2007 309 2039 vero
336 2007 449 2038 usus
475 1991 752 2037 obtinuerat
772 1999 827 2037 ut
852 1991 1082 2054 cognatio
1100 1990 1162 2043 ad
1181 1988 1443 2055 septimum
1469 2006 1625 2054 usque

189 2057 394 2123 gradum
420 2057 777 2105 matrimonium
804 2056 1069 2106 dirimeret.

264 2124 518 2172 Affirmant
544 2125 787 2187 Theologi
823 2127 1077 2189 perplures
1103 2130 1217 2188 jure
1263 2125 1471 2176 naturali
1520 2127 1625 2173 irri-

193 2204 296 2242 tum
323 2208 428 2241 esse
454 2192 810 2240 matrimonium
835 2192 962 2241 inter
1004 2196 1393 2259 consanguineos
1420 2194 1625 2243 collate·-

194 2261 320 2308 rales
340 2260 386 2306 in
412 2260 568 2324 primo
615 2260 770 2322 gradu
797 2265 1103 2324 conjunctos,
1130 2279 1174 2308 v.
1202 2280 1248 2326 g.
1273 2263 1399 2312 inter
1421 2262 1626 2311 fratrem

120 2341 130 2350 ·
196 2338 246 2377 et
270 2339 502 2376 sororem.
599 2327 904 2377 Probabilius
929 2339 1091 2377 tamen
1116 2329 1309 2379 videtur
1334 2331 1432 2379 tale
1462 2331 1627 2378 matri-

193 2395 407 2444 monium
451 2400 563 2456 jure
599 2396 806 2443 naturali
859 2412 952 2444 nec
1011 2398 1258 2460 prohiberi
1305 2414 1399 2447 nec
1448 2396 1625 2453 dirimi.

195 2463 325 2511 Nam
361 2479 389 2510 a
423 2463 579 2527 primo
633 2463 813 2510 Mundi
866 2465 1071 2512 exordio
1131 2466 1417 2530 permissum
1469 2477 1543 2513 est
1596 2481 1627 2513 a

196 2530 447 2579 Creatore.
540 2531 687 2584 Quod
728 2541 892 2579 autem
934 2548 1023 2608 per
1060 2548 1113 2580 se
1154 2549 1212 2581 ac
1253 2538 1365 2596 jure
1413 2533 1624 2581 naturali

194 2597 375 2644 malum
401 2606 492 2654 est,
529 2613 770 2661 nunquam
799 2599 1013 2663 permitti
1039 2611 1217 2663 potest.
1310 2603 1513 2650 Certum
1550 2612 1625 2649 est

198 2675 361 2712 tamen
387 2663 834 2728 dispensationem
823 2682 870 2713 m
896 2666 991 2715 hoc
1026 2668 1179 2745 gradu
1201 2684 1448 2733 nunquam
1474 2668 1625 2716 fuisse

201 2733 262 2778 ab
290 2731 513 2780 Ecclesia
533 2747 846 2789 concessam;
883 2735 970 2782 sed
1006 2735 1088 2783 illa
1130 2736 1178 2782 in'
1203 2736 1440 2796 secundO,
1479 2736 1625 2785 tertio

199 2810 249 2848 et
275 2802 447 2861 quarto
471 2799 625 2863 gradu
650 2801 898 2865 dispensat
917 2818 975 2850 ac
1001 2802 1282 2867 dispensare
1301 2815 1484 2867 potest.

265 2866 387 2913 Tres
429 2866 688 2944 potissimae
727 2879 839 2917 sunt
881 2870 1093 2919 rationes
1130 2887 1218 2925 cur
1261 2869 1623 2920 matrimonium

199 2931 326 3009 inter
362 2934 747 2999 consanguineos
787 2952 940 2999 usque
974 2938 1037 2985 ad
1098 2950 1286 2989 certum
1323 2937 1533 3004 gradum
1565 2938 1628 2985 ab

821 3004 869 3052 D
909 3004 940 3052 d
978 3008 1008 3052 5
1122 3008 1128 3011 ’
1402 3004 1630 3054 Ecclesia
