1846 3250
701 121 797 182 DE
835 120 1129 171 ORDINE.
1543 127 1635 201 177

229 266 418 326 nym'us‚
453 276 500 306 se
546 259 699 321 magis
743 260 1089 318 consuetwdz‘ne,
1124 275 1270 322 quam
1297 261 1640 323 'disposicionis

231 330 479 378 dominica?
516 326 709 372 veritate
751 324 1064 388 Praesbyteris
1103 345 1196 375 esse
1258 329 1458 390 majores
1497 337 1541 385 et
1584 330 1641 375 iu

231 411 470 445 commune
491 392 650 440 debere
688 391 956 440 Ecclesiam
992 393 1165 457 reqere.
1239 396 1371 458 Ergo
1407 397 1637 461 Episcopi

229 481 324 513 non
348 472 460 510 sunt
475 466 586 523 jure
612 460 773 508 divino
799 460 1114 526 Praesbyteris
1149 464 1438 524 superiores.

254 565 257 567 >
295 532 362 579 R.
385 532 494 577 dist.
533 528 764 593 Episcopi
796 529 948 590 magis
983 531 1337 579 consuetudine
1364 544 1507 595 quam
1544 532 1640 581 dis-

230 597 481 663 positionis
523 597 777 644 dominicae
810 596 1015 644 veritate
1040 609 1153 646 sunt
1190 600 1505 664 Praesbyteris
1542 617 1641 649 ma-

224 673 373 729 jores,
412 665 571 728 quoad
613 665 806 712 modum
838 664 1186 726 jurisdictionis
1211 678 1261 715 et
1295 669 1645 731 superioritatis

120 731 136 735 i
163 758 189 779 τ
233 733 540 790 exercendae,
576 750 702 780 conc.
727 732 887 797 quoad
911 743 1205 797 potestatem
1232 735 1446 796 Ordinis,
1484 739 1646 801 quoad

233 802 621 867 superioritatem
645 812 694 849 et
710 800 1098 863 Jurisdictionem
1121 802 1168 849 in
1193 819 1264 858 se,
1287 820 1391 865 neq.
1462 805 1645 854 Verum

235 882 310 919 est
356 870 551 935 quidem
598 869 796 917 modum
853 871 1144 918 exercendae
1190 870 1542 933 Jurisdictionis
1581 870 1648 921 ⁴in

237 939 479 987 communi
505 955 616 987 cum
643 938 973 1001 Praesbyteris.
999 940 1075 987 vel
1099 940 1296 987 seorsim
1323 940 1383 987 ab
1408 941 1518 998 illis,
1543 958 1645 990 rem

234 1022 339 1054 esse
364 1006 734 1064 accidentalem,
769 1022 872 1053 rem
908 1022 1013 1054 esse
1048 1007 1316 1072 disciplinae
1350 1018 1402 1056 et
1442 1025 1649 1057 consue-

235 1074 431 1131 tudinis,
467 1074 515 1120 in
557 1090 714 1138 eoque
762 1073 874 1121 olim
919 1074 1100 1123 factam
1147 1092 1253 1124 esse
1310 1076 1648 1142 mutationem.

240 1147 401 1190 Antea
427 1142 552 1190 enim
591 1159 678 1206 per
703 1142 974 1206 Episcopos
992 1160 995 1165 ·
1015 1154 1063 1192 et
1103 1144 1433 1209 Praesbyteros
1454 1162 1535 1194 res
1558 1145 1645 1194 fie-

235 1211 368 1268 bant,
407 1220 577 1274 postea
600 1227 715 1258 vero
736 1227 827 1274 per
867 1212 1024 1259 solum
1052 1213 1367 1278 Episcopum.
1436 1214 1513 1261 At
1548 1231 1645 1262 non

237 1279 364 1333 ideo,
410 1285 557 1341 juxta
607 1279 655 1327 S.
704 1279 1058 1344 Hieronymum
1104 1297 1462 1346 quamcumque
1508 1299 1644 1331 suam

236 1348 593 1403 auctoritatem,
647 1363 743 1393 non
799 1347 911 1395 ideo
952 1358 1243 1411 potestatem
1293 1348 1529 1408 Ordinis,
1560 1361 1645 1398 aut

228 1414 615 1476 jurisdictionem
639 1413 685 1460 in
713 1432 763 1461 se
790 1427 839 1462 et
879 1416 1137 1465 intrinsece
1176 1417 1529 1466 consideratam
1555 1418 1645 1466 soli

236 1482 574 1531 consuetudini
613 1482 857 1531 debebant
900 1484 1128 1550 Episcopi
1148 1489 1162 1540 ;'
1196 1502 1306 1533 eum
1351 1502 1377 1534 e
1403 1486 1645 1534 contrario

236 1550 460 1598 docuerit
499 1551 547 1598 S.
574 1551 779 1605 Doctor,
838 1568 898 1598 ex
945 1563 1089 1601 antea
1124 1553 1283 1610 dictis,
1320 1554 1426 1602 haec
1476 1554 1645 1603 Antis-

238 1619 349 1667 tites
376 1635 400 1666 a
418 1624 529 1680 jure
554 1618 715 1664 divino
739 1619 1005 1682 accepisse.
1376 1684 1378 1687 ξ

305 1687 426 1735 lust.
451 1689 532 1733 40·
568 1686 705 1733 Idem
750 1687 1080 1752 Hieronymus
1123 1687 1277 1753 Epist.
1320 1688 1382 1737 ad
1421 1690 1647 1756 Evange-

236 1756 353 1808 lum,
407 1765 460 1801 ut
505 1754 759 1802 confirmet
811 1755 1141 1818 Praesbyteros
1188 1757 1385 1806 eos-‘dem
1433 1776 1538 1808 esse
1585 1777 1647 1808 ac

240 1823 525 1886 E‘piscopOS,
569 1828 817 1885 totamq'ue
866 1823 1008 1871 inter*
1038 1842 1122 1872 eos
1168 1826 1528 1875 distinctionem
1579 1846 1643 1877 ex

238 1891 590 1939 consuetudine
629 1902 788 1937 natam
830 1907 953 1949 esse,
988 1892 1126 1940 affert
1160 1895 1440 1957 exemplum
1470 1896 1648 1945 Eccle—

236 1959 317 2006 siae
345 1958 707 2015 Alexandrinae,
745 1959 791 2004 in
834 1975 927 2020 qua
967 1976 1053 2023 per
1095 1960 1333 2009 ducentos
1368 1975 1418 2010 et
1442 1964 1647 2028 amplius

239 2043 406 2083 annos,
458 2026 678 2072 nimirum
729 2042 761 2072 a
808 2024 980 2074 Marco
1026 2028 1343 2091 Evanyelista
1388 2048 1536 2095 usque
1580 2035 1651 2080 ad

243 2094 541 2149 Heracleam,
578 2093 873 2156 Proesbyteri
906 2090 1085 2159 semper
1124 2114 1273 2145 unum
1309 2116 1366 2146 esc
1381 2116 1429 2148 se
1452 2100 1646 2148 elect-um

241 2165 292 2209 in
316 2162 556 2213 excelsiori
591 2162 751 2222 ¹qraa'u
786 2163 1060 2212 collocatum
1094 2164 1392 2229 Episcopum
1427 2171 1645 2216 nomina-

238 2231 382 2276 bant:
421 2231 651 2292 quomodo
673 2231 717 2276 si
738 2232 963 2299 exercitus
987 2232 1337 2296 Imperatorum
1345 2235 1521 2300 ffloz'at,
1558 2247 1646 2285 aut

236 2298 451 2345 Diacom'
474 2297 680 2360 aliquem
697 2299 754 2345 de
775 2315 822 2346 se
844 2297 1252 2349 Arelzidiaeonum
1277 2312 1452 2351 vocent:
1496 2305 1644 2354 Unde

237 2367 307 2414 sic
344 2365 598 2417 conficitur
640 2368 994 2428 argumentum.
1064 2370 1157 2423 Qui
1185 2387 1271 2434 per
1296 2388 1476 2419 meram
1514 2373 1645 2422 elec-

238 2434 435 2489 tionem,
472 2434 574 2482 sine
613 2434 710 2495 ulla
743 2452 866 2482 nova
905 2438 1272 2487 consecratione
1299 2439 1477 2487 fiebant
1505 2441 1644 2504 Epis·

241 2501 367 2565 copi,
405 2501 648 2564 quomodo
673 2504 754 2566 qui
779 2504 1023 2567 eliguntur
1048 2507 1107 2553 ab
1134 2507 1374 2564 exercitu,
1400 2509 1523 2557 fiunt
1545 2511 1644 2557 Im·

239 2580 502 2632 peratores,
539 2570 680 2632 quive
708 2571 949 2636 eliguntur
974 2589 1002 2620 a
1038 2573 1288 2633 Diaconis,
1320 2576 1439 2624 fiunt
1467 2579 1645 2626 Archi--

241 2636 447 2693 diaconi,
476 2641 585 2698 jure
610 2638 770 2687 divino
795 2656 888 2688 nec
907 2639 1268 2705 distinguuntur
1292 2660 1320 2692 a
1343 2644 1645 2708 simplicibus

242 2705 571 2768 Praesbyteris‚
596 2722 688 2754 nec
725 2719 834 2755 sunt
858 2709 950 2757 illis
975 2710 1261 2774 superiores.
1301 2714 1454 2777 Atqui
1493 2715 1647 2763 Praes-

243 2773 417 2835 byteri‚
438 2790 496 2819 ex
519 2773 898 2840 S.Hieronymo,
919 2794 1005 2841 per
1023 2795 1199 2827 meram
1223 2781 1513 2830 electionem
1539 2783 1645 2831 sine

245 2841 339 2887 ulla
361 2857 481 2887 nova
497 2845 862 2894 consec-ratione
885 2846 933 2894 in
953 2846 1087 2897 Urbe
1101 2848 1437 2904 Alexandrina
1461 2850 1644 2898 fiebant

245 2908 489 2972 Episcopi.
561 2908 707 2976 Ergo,
744 2917 857 2962 ἃς.-
