1846 3250
269 164 368 213 230
659 210 662 215 ,
772 166 1216 219 ΤΒΑΟΤΑΤΠΒ
1268 173 1276 217 ⁷.

266 309 429 348 mento
474 299 780 359 sanctificari,
839 318 936 353 non
972 320 1085 352 vero
1143 304 1507 354 Matrimonium
1566 323 1669 357 esse

263 367 524 430 ipsummet
551 368 935 418 Sacramentum.
1025 372 1254 431 Qu’est-ce
1278 392 1363 440 que
1385 374 1427 423 le
1450 375 1671 442 mariage,

262 434 418 497 inquit
479 437 812 491 Catechismus
862 439 1373 488 Montis-pessulani?
1433 444 1493 491 R.
1543 442 1670 492 C’est

262 519 353 550 une
375 503 538 557 societe
570 504 771 570 legitime
804 515 933 555 entre
967 508 1178 559 l’komme
1201 517 1244 556 et
1280 510 1326 557 la
1341 511 1534 574 femme,
1583 508 1672 578 qne

262 570 393 646 Dieu
427 589 455 619 a
490 573 655 621 etablz'e
678 590 806 636 pour
838 574 885 622 la
920 575 1268 640 multiplication
1305 579 1366 625 du
1400 596 1546 643 genre
1584 581 1672 628 hu·

260 655 387 710 mam
413 659 430 687 :
468 656 528 688 en
553 642 922 689 matrimonium.
995 644 1044 691 Si
1070 655 1232 691 autem
1257 647 1527 707 quaesiveris
1552 646 1668 709 quid

260 705 323 753 sit
360 707 725 758 Sacramentum
777 710 1115 759 Matrimonii?
1187 714 1469 776 Respondet
1524 715 1679 768 Cate-⁴

263 773 473 823 chismus
501 776 807 825 parisiensis:
849 778 974 826 C’est
1017 797 1077 827 un
1125 782 1385 829 Sacrement
1421 782 1673 846 quideme

259 842 310 901 la¹
332 843 484 895 Grace
503 863 624 909 pour
646 846 882 910 sancttfler
920 846 966 893 la
1007 849 1172 896 ‚societe
1209 847 1410 912 legitime
1423 850 1489 896 ‚de
1511 848 1668 898 l’lcom·

258 929 329 959 me
352 913 477 968 etde
497 912 544 960 la
558 916 753 977 femme.
841 915 1176 964 Catechismus
1214 916 1667 980 Ambianensisjan.

263 977 405 1028 1691.
480 981 704 1037 Qu’estaee
755 1000 840 1048 que
885 982 928 1030 le
971 987 1249 1048 *Saerement
1282 986 1353 1033 ,de
1405 985 1668 1051 B1arz‘age?

259 1047 322 1094 R.
362 1048 488 1098 C’est
534 1067 596 1096 un
641 1052 902 1098 Sacrement
943 1069 1028 1116 que
1062 1052 1387 1100 ‹Iesus-Christ
1425 1069 1453 1098 a
1477 1054 1665 1101 institue

249 1132 376 1179 pour
398 1116 529 1165 benir
549 1116 778 1166 l'allz'anee
800 1119 857 1166 de
879 1118 1085 1167 l’lzomme
1108 1128 1152 1167 et
1175 1121 1232 1168 de
1243 1173 1252 1182 ι
1255 1123 1440 1182 femme.

326 1183 512 1232 Eadem
538 1184 782 1235 distinctio
817 1186 1126 1250 reperiturin
1154 1187 1471 1235 Catechismis
1498 1187 1665 1236 Ande-

255 1252 459 1314 gavensi.
477 1269 554 1300 an.
585 1255 727 1302 1676.
767 1254 1098 1301 Suessionensi
1131 1271 1206 1302 an.
1237 1258 1378 1303 1696.
1449 1255 1666 1302 Blesensi

254 1335 333 1366 an.
361 1322 506 1370 1728.
547 1321 811 1369 Rhemensi
837 1338 914 1369 an.
944 1324 1085 1370 1692.
1137 1322 1396 1370 Bizunti'no
1420 1338 1495 1369 an.
1525 1326 1666 1371 1608.

256 1387 545 1436 Carnutensi
583 1405 659 1436 an.
702 1392 843 1437 1699.
932 1390 1366 1452 Augustodunensi
1407 1406 1484 1437 an.
1525 1388 1667 1442 1793.

255 1453 596 1507 Trecensiran.
627 1460 771 1508 1733.
796 1468 846 1505 et
870 1456 917 1504 in
942 1457 1045 1505 aliis
1071 1459 1246 1505 multis.
1648 1502 1652 1508 .

324 1524 688 1574 Matrimonium
725 1526 890 1588 itaque
945 1536 994 1573 et
1047 1525 1346 1573 Matrimonii
1386 1526 1665 1575 Sacramen-

252 1601 353 1639 tum
380 1608 409 1639 a
432 1608 484 1640 se
510 1592 713 1647 invicem
758 1593 1135 1656 distinguuntur,
1184 1610 1359 1657 nempe
1383 1595 1666 1643 matrimoni-

252 1677 328 1723 um
364 1668 430 1707 est
464 1662 724 1725 conjunctio
758 1661 848 1709 viri
881 1669 926 1708 et.
976 1661 1178 1709 mulieres
1229 1662 1514 1710 individuam
1555 1664 1663 1711 ’vitae

249 1728 508 1785 societatem
549 1729 799 1776 continens.
887 1728 1186 1775 Matrimonii
1226 1745 1338 1775 vero
1379 1729 1663 1778 Sacramen-¹

250 1805 351 1843 tum
390 1805 465 1843 est
498 1794 624 1843 ritus.
653 1796 866 1843 exterior
926 1796 1178 1851 Ecclesiae,
1233 1796 1312 1844 cui
1372 1796 1543 1843 Gratia
1596 1814 1660 1843 ex

245 1862 549 1911 institutione
587 1863 766 1913 Christi
802 1864 1092 1912 annectitur.
1165 1865 1295 1914 Hinc
1331 1863 1458 1911 forte
1501 1861 1654 1912 minus

246 1940 476 1980 accurate
501 1931 632 1996 loqui
659 1932 883 1979 videntur
924 1931 954 1977 ii
1000 1932 1101 1994 qui,
1140 1943 1190 1980 ut
1215 1933 1378 1995 vulgo.
1402 1931 1581 1994 legitur
1605 1931 1652 1977 in

251 1998 454 2064 Scriptis
491 1999 870 2063 Theologorum‚
925 2000 1207 2063 simpliciter
1256 2010 1314 2065 et
1354 1999 1456 2046 sine
1492 1998 1656 2047 addito

246 2077 464 2115 asserunt
514 2066 868 2116 Matrimonium
910 2085 1006 2116 esse
1041 2086 1196 2117 verum
1237 2083 1364 2117 novoe
1407 2068 1546 2128 Leyz's
1573 2069 1661 2115 Sa-

246 2144 541 2184 cramentum.
635 2138 702 2183 At
729 2152 840 2183 vero
866 2136 1030 2185 durius
1063 2136 1094 2182 ii
1140 2135 1560 2200 reprehenduntur
1593 2136 1653 2182 ab

248 2205 472 2253 Auctore
497 2219 737 2266 anonymo
762 2203 896 2250 Libri
922 2204 969 2249 in
1008 2204 1169 2251 multis
1194 2219 1397 2252 censura
1421 2213 1471 2250 et
1494 2218 1658 2266 repre·

246 2271 480 2331 hensione
521 2270 671 2334 digni,
710 2271 788 2318 cui
825 2270 898 2318 tit.
933 2289 1118 2319 examen
1164 2273 1221 2319 de
1272 2272 1391 2319 deux
1430 2270 1657 2334 questions

245 2340 548 2402 imponantes
572 2357 654 2387 sur
689 2338 733 2386 le
768 2340 992 2405 mariage,
1029 2355 1104 2387 an.
1134 2341 1276 2389 1753.
1366 2339 1488 2386 Cum
1513 2337 1653 2384 <enim

245 2407 324 2465 isti
361 2408 598 2471 Theologi
653 2415 872 2454 asserunt
932 2405 1295 2455 Matrimonium
1347 2421 1454 2453 esse
1489 2421 1655 2452 verum

236 2492 384 2527 novae
402 2475 553 2540 Legis
602 2476 985 2532 Sacramentum,-
1019 2474 1069 2520 id
1106 2473 1382 2536 intelligunt
1406 2473 1469 2521 d'e
1494 2472 1655 2521 matri-

244 2544 407 2601 monio
433 2544 563 2607 quod
588 2543 716 2591 inter
741 2542 1023 2606 baptizatos,
1050 2558 1159 2589 cum
1185 2542 1332 2590 sacris
1357 2541 1654 2590 caeremoniis

245 2611 945 2675 administratur,„intelligunt
974 2627 1058 2674 per
1098 2611 1202 2657 haec
1227 2611 1374 2658 verba
1411 2608 1656 2658 Christum

234 2678 442 2732 ⁴innova.
465 2680 997 2742 LegeSacramentum
1034 2678 1313 2735 instituisse,
1353 2694 1448 2741 quo
1473 2677 1654 2740 nuptiae

246 2758 663 2801 consecrarentur,
685 2747 951 2809 Gratiaque
998 2746 1292 2794 nubentibus
1333 2745 1651 2794 conferretur.

248 2817 374 2865 Cum
399 2813 578 2863 docent
605 2815 849 2864 Christum
873 2816 922 2861 in
955 2830 1078 2861 nova
1119 2816 1256 2878 Lege
1296 2812 1653 2879 ¹matrimonium

230 2883 310 2943 *adl
338 2882 946 2947 Sacramentinignitatem
972 2882 1208 2938 evexisse,
1247 2898 1345 2948 non
1376 2881 1654 2942 intelligunt

229 2950 491 3012 ,Christum
516 2944 803 3003 matrimonii
827 2960 1047 3001 naturam
1085 2950 1361 3019 mutavisse,
1387 2948 1483 3002 sed
1505 2947 1652 3062 lilium

485 3032 488 3036 ’
1444 3031 1504 3064 vo
1527 3029 1650 3063 uisse
