1846 3250
256 168 353 220 184
764 163 1189 223 TRACTATUS

324 312 389 357 5⁰·
427 304 733 367 Piagmatica
759 306 972 364 Sanctio,
999 324 1142 373 quam
1184 327 1247 359 ex
1289 311 1430 359 variis
1457 309 1662 361 Concilii

255 371 547 423 Basileensis
584 373 811 422 Decretis
858 376 1145 425 adornatum
1180 378 1230 425 in
1279 379 1660 428 Bituricensibus
1690 422 1695 425 s

253 440 473 492 Comitiis
498 442 820 504 promulgavit
858 444 1063 493 Carolus
1089 446 1204 493 Vll.
1231 447 1497 495 Galliarum
1528 448 1657 502 Rex,

248 509 466 586 permisit
502 508 670 556 iisdem
698 510 931 572 Capitulis
973 523 1026 561 ut
1052 514 1367 579 Episcopum,
1405 516 1660 565 Monaste«

246 578 329 624 riis
356 588 409 625 ut
437 577 680 629 Abbatern
707 578 946 641 eligerint.

318 649 400 694 60.
437 645 788 722 Pragmaticam
822 647 949 695 hanc
973 650 1268 713 abrogarunt
1292 650 1396 698 Leo
1422 650 1483 697 X.
1523 651 1657 714 Papa

248 723 299 762 et
336 712 680 761 FianciscusI.
722 714 848 761 inter
880 732 998 779 quos
1038 716 1088 763 in
1129 718 1399 781 percelebri
1438 720 1654 768 Concor-

243 782 363 830 dato
375 780 606 829 Bononiae
630 796 706 828 an.
721 784 865 831 1516.
886 784 1017 831 edito
1035 796 1327 833 conventum
1349 799 1424 834 est
1449 796 1500 833 ut
1526 787 1655 834 elec-

245 850 403 898 tiones
428 850 714 897 tollerentur
748 859 796 897 et
833 850 895 898 ad
923 853 1109 915 Regem
1147 853 1200 899 in
1222 853 1394 901 Galliis
1430 853 1656 902 devolve-

242 930 428 966 rentur.
503 921 574 965 At
598 918 859 965 etiamnum
884 918 933 966 in
958 920 1221 1006 Germania
1254 922 1421 985 vigent
1445 938 1508 970 ex
1533 922 1656 971 anti-

243 986 351 1049 quis
378 986 713 1034 Concordatis.

313 1054 390 1104 7⁰·
427 1054 505 1101 Ex
534 1054 606 1099 his
646 1052 790 1101 facile
829 1055 1074 1119 colligitur
1114 1066 1285 1106 contra
1320 1057 1651 1106 Protestantes

240 1121 519 1184 suffragium
548 1122 719 1184 Populi
743 1138 836 1171 nec
860 1123 922 1171 ad
945 1124 1150 1172 validam
1186 1142 1279 1173 nec
1303 1125 1365 1173 ad
1388 1125 1650 1189 legitimam

240 1190 581 1238 Ministrorum
621 1189 972 1238 institutionem
1014 1208 1119 1240 esse
1159 1193 1501 1241 necessarium.
1574 1197 1649 1240 1⁹·

243 1258 371 1311 Quia
394 1257 432 1304 si
459 1257 628 1305 fuisset
652 1258 993 1315 necessarium,
1031 1270 1165 1307 tanta
1188 1273 1283 1308 non
1309 1260 1481 1308 fuisset
1506 1276 1564 1307 ea
1588 1260 1649 1308 de

237 1341 293 1373 re
335 1325 556 1382 varietas,
594 1341 686 1372 nec
736 1326 1006 1373 Concilium
1049 1329 1278 1390 generale
1319 1328 1650 1376 Lateranense

239 1410 317 1441 an.
370 1396 514 1441 1215.
608 1393 810 1440 Plebem
870 1394 1160 1442 electionem
1211 1400 1323 1457 jure
1381 1397 1652 1459 spoliasset.

237 1463 323 1508 20·
362 1461 489 1515 Quia
519 1460 742 1524 Apostoli
787 1460 890 1509 sine
917 1463 1014 1509 ullo
1053 1462 1216 1510 Plebis
1257 1463 1483 1527 suffragio
1510 1463 1649 1527 Epis-

237 1545 389 1593 copos
437 1528 768 1585 instituebant,
829 1546 1010 1592 eosque
1069 1530 1324 1579 mittebant
1382 1531 1443 1579 ad
1489 1533 1644 1579 varios

234 1597 466 1659 Populos.
537 1599 615 1643 30·
642 1596 769 1649 Quia
799 1598 958 1645 valide
997 1597 1262 1646 instituitur
1287 1599 1367 1663 qui
1394 1609 1595 1648 vocatur
1618 1616 1647 1646 a

233 1665 348 1713 Deo
374 1675 602 1728 tanquam
630 1665 794 1711 Aaron
822 1665 1000 1712 Heb.5
1005 1666 1208 1728 .Atqui
1236 1669 1400 1714 Aaron
1418 1669 1641 1732 aMoyse

234 1734 337 1781 sine
362 1733 460 1779 ullo
499 1731 817 1778 multitudinis
846 1731 1073 1796 suffragio
1114 1734 1303 1781 electus
1327 1746 1415 1782 est.
1486 1740 1552 1782 40·
1591 1736 1639 1782 S.

234 1800 507 1864 Cyprianus
536 1798 689 1862 Epist.
717 1803 796 1846 33.
831 1799 878 1845 in
904 1800 1180 1848 ordinandis
1218 1802 1435 1858 Clericis,
1469 1802 1637 1864 inquit,

230 1870 441 1916 solemus
468 1882 551 1913 vos
588 1867 859 1924 consulere,
893 1866 1067 1915 fratres
1103 1868 1398 1924 cbarissimi;
1433 1870 1520 1917 sed
1553 1887 1640 1917 ex-

229 1936 475 2001 pectanda
500 1950 594 1981 non
631 1944 744 1982 sunt
790 1934 1066 1982 testimonia
1104 1936 1330 1991 humana,
1367 1954 1476 1984 cum
1520 1953 1640 1999 prae-

230 2005 419 2053 ceduntv
439 2003 599 2049 divina
621 2002 863 2065 suffragia.
936 2008 982 2051 5.
1017 2003 1212 2051 Nedum
1243 2005 1487 2068 popularis
1512 2006 1639 2052 elec-

229 2074 299 2120 tio
324 2072 385 2119 sit
409 2070 697 2126 necessaria,
735 2072 830 2117 imo
855 2070 1066 2119 maxima
1101 2088 1164 2119 ex
1190 2088 1249 2119 ea
1273 2084 1636 2134 consequuntur

227 2139 551 2194 incommoda,
569 2153 837 2201 gravesque
852 2154 911 2185 ac
931 2139 1226 2187 turbulentae
1249 2156 1345 2187 non
1361 2140 1636 2203 infrequen

227 2220 303 2255 ter
341 2223 404 2254 ex
441 2223 499 2253 ea
539 2214 660 2252 natae
700 2215 811 2252 sunt
853 2207 1206 2267 contentiones,
1243 2208 1313 2255 uti
1350 2218 1540 2256 constat
1571 2224 1634 2255 ex

225 2273 458 2324 Historiis
483 2272 842 2321 ecclesiasticis.

295 2343 480 2391 Merito
504 2342 651 2405 igitur
683 2341 750 2387 sio
751 2339 938 2406 :definit
964 2341 1233 2389 Concilium
1259 2340 1481 2389 Trident.
1516 2358 1632 2390 sess.

224 2414 525 2460 23.ca11.7.
564 2410 617 2457 Si
650 2410 752 2475 quis
784 2409 955 2458 dixerit
958 2442 1059 2459 ......
1068 2409 1266 2457 Ordines
1299 2409 1357 2455 ab
1391 2409 1635 2476 Episcopi.»-

224 2479 413 2528 collatos
447 2492 545 2526 szne
572 2476 744 2542 Populi
765 2475 837 2525 vel
849 2476 1097 2540 potestatis
1129 2475 1362 2524 soecularz's
1412 2493 1631 2526 consensu

226 2556 308 2595 aut
332 2547 568 2594 vocatione
589 2546 748 2593 irritos
783 2561 881 2592 esse
884 2578 983 2593 ......
988 2543 1230 2591 anathema
1255 2546 1330 2591 sit.

292 2615 453 2662 Dicas
529 2612 580 2659 S.
611 2611 880 2676 Cyprianus
903 2612 1056 2674 Epist.
1079 2612 1159 2661 67.
1188 2609 1364 2659 etalibi
1388 2611 1534 2660 docet
1552 2618 1634 2674 Jus

223 2681 457 2746 populare
482 2680 777 2727 electionum
818 2680 877 2728 de
897 2680 1148 2727 traditione
1180 2680 1354 2736 divina,
1393 2681 1451 2728 de
1472 2681 1631 2729 dimna

226 2749 501 2798 auctoritate
524 2748 807 2795 descendere.
877 2747 1026 2809 Ergo,
1052 2750 1140 2794 ὅτε.

185 2868 187 2871 ,
293 2817 359 2865 R.
378 2816 483 2863 dist.
519 2815 579 2861 de
604 2815 896 2862 auctoritate
921 2814 1081 2861 divina
1111 2814 1428 2872 descendere,
1464 2815 1514 2862 id
1539 2824 1627 2872 est,

226 2895 606 2933 consentaneum
654 2898 759 2929 esse
818 2881 1052 2944 exemplis
1105 2899 1212 2947 quae
1268 2886 1317 2929 in
1378 2883 1628 2945 Scriptura

224 2969 362 3003 sacra
396 2953 640 3016 leguntur,
676 2965 798 3000 conc.
832 2948 882 2999 id
928 2959 1016 3011 est,
1061 2964 1090 2998 a
1137 2950 1248 3000 Deo
1281 2950 1388 3015 ipso
1433 2949 1633 3012 praecipi·

1400 3026 1629 3081 tanquam
