1846 3250
523 152 620 201 DE
659 150 1161 201 MATRIMONIO.
1457 150 1578 199 1445

148 285 230 333 nio
273 286 489 348 quolibet
527 291 673 349 Juxta
697 288 861 350 Leges
898 285 1020 334 inito
1061 283 1436 348 intelligantur,
1446 282 1581 331 acci-

146 355 327 417 pienda
367 363 481 401 sunt
522 370 634 401 cum
672 353 1049 416 exceptionibus
1088 353 1136 399 in
1173 351 1278 415 ipsa
1327 350 1580 427 Scriptura

146 431 231 468 aut
280 420 563 468 Traditione
609 420 840 479 fundatis,
877 426 920 468 ὅτ
964 437 1017 468 a
1038 423 1151 469 Deo
1187 421 1293 483 ipso
1329 417 1579 482 appositis,

146 503 262 548 quas
305 488 453 535 modo
495 488 764 536 retulimus.
836 488 920 536 Sic
964 505 1076 537 vere
1124 488 1304 535 dicitur
1339 486 1578 551 quosdam

146 569 254 602 esse
293 557 489 603 morbos
524 556 832 610 insanabiles,
866 556 907 603 'si
946 555 1139 604 difficile
1176 565 1424 611 sanentur,
1460 553 1580 602 licet

145 622 407 700 aliquando
432 634 516 671 aut
533 623 720 672 virtute
763 623 923 671 divina
965 635 1051 671 aut
1077 622 1391 671 Medicorum
1423 621 1580 669 scien-

142 690 210 737 tia
227 691 390 737 sanari
417 692 618 755 possint.

212 757 296 803 Ad
324 759 373 806 S.
403 758 752 822 Augusfinum,
803 757 1067 821 respondet
1095 755 1298 804 Estius'
1285 772 1444 819 ipsum
1470 768 1578 804 non

144 824 389 872 multum'
377 842 425 872 m
461 826 570 874 hac
582 842 669 873 sua
704 825 1108 889 inteiffpietatione
1147 824 1424 878 confidisse,
1462 839 1574 872 cum

142 890 255 938 Lib.
297 903 500 941 retiact.
526 897 572 941 2.
616 910 721 956 cap.
762 897 843 943 57.
893 893 1106 940 fateatur
1153 891 1471 954 quaestionem
1514 889 1578 937 de

144 957 342 1021 Nuptiis
365 961 771 1008 intricatissimam
800 976 935 1007 esse.
958 960 1060 1007 Nec
1082 961 1249 1013 audeo,
1265 958 1447 1020 inquit,
1460 973 1578 1019 pro

126 1024 271 1086 fiteri
294 1043 451 1074 ommes
474 1030 610 1075 sinus
634 1044 748 1089 ejus,
783 1027 861 1073 vel
882 1028 933 1072 in
969 1025 1055 1073 hoc
1073 1027 1151 1074 de
1161 1025 1450 1084 adulterinis
1465 1039 1579 1078 ,con-

123 1092 302 1156 juyz‘is,
327 1111 479 1157 opere,
515 1095 592 1142 vel
629 1097 682 1142 in
721 1094 835 1150 alio,
876 1110 948 1140 me
970 1093 1130 1142 adhuc
1160 1092 1455 1156 explicuisse,
1503 1095 1581 1141 vel

122 1163 238 1223 jam
264 1164 421 1224 posse,
467 1165 511 1209 si
545 1171 728 1223 uqyeat,
765 1162 1017 1224 emplicare.

210 1229 373 1276 Dices.
401 1231 479 1275 20·
531 1232 577 1278 S.
626 1230 855 1277 AmbrOS.
892 1229 973 1275 lib.
1018 1232 1064 1276 8.
1102 1226 1149 1274 in
1197 1228 1385 1275 Lucam
1434 1244 1481 1274 n.
1531 1233 1579 1277 8.

140 1294 403 1359 Apostolus
427 1299 633 1358 weyavz't
668 1298 811 1359 Leyit
850 1312 945 1343 esse
983 1297 1165 1344 divinae
1196 1304 1255 1342 ,ut
1299 1296 1576 1358 conjugium

142 1364 484 1427 qualecumque
530 1365 759 1421 solvatur,
796 1381 880 1411 nec
914 1366 1014 1426 ipse
1039 1365 1289 1427 Ρφσεοφτι,
1327 1379 1411 1410 nec
1447 1364 1580 1410 dedic

138 1432 380 1479 deserendi
425 1433 771 1480 auctbritatem.
890 1432 1023 1494 Ergo
1065 1431 1114 1477 in
1163 1446 1427 1480 conversus
1475 1447 1574 1486 non

140 1509 299 1560 potest
331 1516 531 1547 uxorem
559 1500 803 1547 infidelem
832 1499 1077 1547 deserere.

211 1566 277 1613 R.
301 1566 407 1615 haec
432 1568 580 1615 verba
609 1566 853 1615 Ambiosii
896 1567 973 1613 vel
1015 1564 1337 1627 intelligenda
1378 1575 1485 1614 esse
1512 1565 1575 1616 de

138 1633 253 1680 solis
326 1634 709 1683 Christianorum
779 1633 1113 1689 matrimoniis,
1168 1649 1275 1694 quae
1324 1649 1577 1695 nunquam

139 1701 334 1748 dissolvi
377 1711 612 1765 possunt3
646 1702 723 1749 vel
771 1700 809 1749 si
850 1701 1184 1763 intelligantur
1232 1700 1294 1747 de
1336 1700 1596 1764 conjugiis·

140 1768 433 1825 Infidelium,
471 1770 574 1816 vult
622 1769 863 1816 duntaxat
893 1767 1181 1815 Ambrosius
1222 1783 1282 1815 ea
1331 1784 1427 1816 non
1478 1768 1572 1817 dis-

140 1836 258 1882 solvi
284 1837 386 1884 sine
404 1842 537 1899 Justa
562 1852 724 1893 causa,
763 1835 917 1899 qualis
943 1845 1033 1892 est,
1061 1834 1110 1882 :si
1148 1834 1368 1882 Infidelis
1394 1850 1424 1882 a
1448 1836 1578 1884 Con·
1614 1881 1617 1884 .

136 1919 279 1950 verso
317 1905 554 1959 discedat,
594 1904 670 1950 vel
710 1903 831 1950 nolit
872 1903 1092 1950 habitare
1132 1902 1339 1964 pacifice
1375 1918 1435 1949 ac
1470 1902 1576 1951 sine

141 1973 438 2020 contu-melia
465 1971 726 2030 Creatoris,
764 1971 840 2019 vel
867 1986 977 2018 eum
1006 1970 1256 2035 pertrahat
1277 1970 1343 2017 ad
1369 1971 1575 2025 mortale

134 2048 413 2100 peccatum.

212 2108 402 2163 Quceres
423 2108 501 2155 3⁰·
538 2123 597 2154 an
624 2106 871 2154 vinculum
900 2103 1188 2152 matrimonii
1228 2104 1355 2152 inter
1394 2104 1576 2154 Infide-

137 2175 207 2221 les
234 2176 489 2233 contracti,
529 2175 576 2221 in
603 2175 756 2221 tribus
783 2172 1161 2221 circumstantiis
1187 2172 1233 2218 in
1260 2173 1575 2243 responsione

139 2244 436 2304 piaecedenti
480 2242 715 2306 expositis
760 2241 892 2305 prius
926 2241 1150 2288 solvatur
1198 2255 1344 2303 quam
1394 2246 1577 2303 conjux

139 2325 401 2360 conversus
425 2311 487 2359 ad
512 2311 627 2358 alias
654 2310 846 2374 nuptias
873 2308 1158 2356 transierit?

207 2380 268 2428 R.
294 2381 525 2443 nequiit-e,
573 2393 683 2425 cum
722 2377 945 2425 omnibus
977 2376 1082 2423 fere
1110 2373 1377 2437 Theologis
1403 2384 1576 2424 contra

138 2460 338 2506 paucos,
391 2446 472 2510 qui
522 2445 827 2493 contendunt
875 2442 1167 2490 matrimonii
1226 2441 1475 2490 vinculum
1524 2444 1575 2490 in

139 2513 317 2578 triplici
357 2530 473 2562 casu
508 2512 745 2578 praedicto
793 2510 988 2558 dissolvi
1038 2511 1144 2574 ipso
1173 2514 1303 2571 jme‚
1341 2519 1392 2557 et
1438 2520 1579 2561 ante-

140 2597 285 2645 quam
334 2586 515 2644 conjux
570 2595 871 2627 conversus
864 2578 1012 2625 aliud
1056 2576 1341 2639 conjugium
1396 2576 1575 2627 inierit.

142 2649 417 2712 Responsio
452 2648 686 2712 probatui
731 2651 808 2693 10·
845 2662 910 2694 ex
936 2662 1179 2693 consensu
1208 2644 1575 2708 Theologorum

137 2716 241 2764 fere
265 2716 497 2764 unanimi.
533 2718 597 2762 2⁰·
625 2715 704 2762 Ex
726 2729 852 2778 cap.
866 2713 1168 2770 Gaudemu&
1195 2711 1273 2760 tit.
1295 2711 1359 2761 de
1385 2713 1579 2768 Devor-

138 2783 234 2841 tiis,
272 2783 546 2831 ubiInnoc.
569 2782 664 2829 111.
692 2792 803 2846 post
841 2781 1092 2844 expositos
1109 2790 1214 2828 tres
1234 2795 1392 2829 casus
1390 2780 1579 2842 saepius

140 2861 468 2907 enumeratos,
486 2878 489 2880 -
507 2850 557 2896 in
581 2849 757 2913 quibus
783 2848 978 2897 dissolvi
1017 2856 1193 2912 potest
1211 2847 1580 2896 matrimonium

135 2916 546 2975 inreTTTrifidetes,
572 2917 653 2965 ‹sic
685 2916 860 2966 addit:
884 2916 954 2975 ‚Si
970 2931 1111 2964 ..uxor
1134 2913 1346 2979 infidelis
1380 2929 1577 2968 comver-

1426 2988 1575 3043 tatur,
