1846 3250
230 219 331 267 368
743 214 1180 274 TRACTATUS
1224 227 1226 229 ’
1243 228 1253 233 ”

235 347 491 414 Eugenius
515 349 608 401 IV
641 346 689 397 in
717 350 955 400 Decreto.
1027 353 1197 402 Potest
1223 363 1385 403 tamen
1405 354 1559 420 signis
1578 366 1665 405 aut

234 419 434 470 nutibus
472 416 787 476 manifestari,
828 419 1023 484 quando
1049 437 1091 467 v.
1121 438 1169 485 g
1208 422 1571 481 contrahentes,
1610 435 1665 472 ut

235 485 375 541 muti,
410 485 546 549 loqui
587 501 685 532 non
726 495 947 549 possunt.
1016 488 1187 536 Potest
1212 489 1357 537 etiam
1381 491 1590 554 exprimi
1616 491 1667 538 in

236 552 455 601 absentia
478 568 566 617 per
593 553 986 611 Procuratorem,
1017 565 1069 602 ut
1107 554 1332 611 vidimus,
1367 558 1454 605 sed
1479 574 1543 606 ex
1579 574 1672 605 ne-

238 619 466 669 cessitate
491 630 679 668 tantum
716 631 766 669 et
791 620 853 669 de
881 638 1122 669 consensu
1149 622 1400 686 Episcopi,
1437 626 1662 674 servatis·

238 704 334 754 que
359 687 579 751 Legibus
603 688 664 735 ad
687 687 1054 736 Matrimonium
1079 690 1434 752 spectantibus.

306 759 384 804 6⁰·
421 755 701 804 Consensus
735 755 817 803 ille
857 756 1005 804 debet
1030 772 1137 804 esse
1173 756 1300 805 inter
1326 773 1557 821 personas
1581 759 1670 808 de·
1750 776 1756 778 ’

237 820 535 879 terminatas,
574 832 627 871 ut
651 832 804 886 patet.

307 890 386 941 7⁰·
426 890 591 938 Debet
634 906 739 937 esse
776 889 904 938 inter
942 907 1172 953 personas
1211 896 1322 953 jure
1357 890 1543 942 habiles
1577 909 1675 942 nec

240 955 340 1005 ullo
386 957 738 1020 impedimento
785 957 1042 1006 dirimente
1102 958 1408 1016 constrictas,
1456 961 1671 1073 alioquin

238 1023 595 1075 matrimonium
616 1024 877 1072 invalidum
897 1025 1043 1073 foret.

253 1133 256 1136 .
315 1093 505 1148 Quoeres
529 1094 610 1138 20·
646 1108 706 1139 an
731 1094 889 1141 valeat
929 1092 1288 1142 matrimonium
1313 1095 1402 1143 sub
1429 1110 1670 1144 consensu

241 1158 576 1209 conditionate
611 1158 818 1209 initum?

276 1226 378 1276 „R
418 1229 498 1273 10·
521 1226 784 1290 Nunquam
811 1226 992 1275 debere
1017 1227 1266 1276 Parochos
1289 1227 1352 1276 ad
1377 1228 1673 1278 matrimonii

242 1292 624 1359 celebrationem
662 1293 921 1342 admittere
959 1310 1043 1343 eos
1067 1295 1151 1358 qui
1188 1311 1481 1344 consensum
1506 1297 1674 1362 aliquo

239 1351 389 1410 modo
409 1360 803 1410 conditionatum
844 1361 1152 1411 matrimonio
1190 1363 1398 1421 darent,
1436 1364 1550 1427 quia
1573 1379 1673 1412 non

240 1428 360 1478 licet
402 1429 588 1492 absque
630 1428 825 1493 urgenti
872 1445 1043 1477 necess
1047 1429 1166 1478 itate
1218 1431 1534 1479 Sacramenta
1579 1433 1673 1480 sub

241 1495 523 1548 conditione
548 1496 611 1544 de
636 1496 802 1545 futuro
828 1497 1090 1555 conficere,
1128 1507 1213 1546 aut
1239 1497 1556 1547 conficiendis
1588 1514 1670 1547 co-

241 1563 434 1639 operari
491 1562 759 1640 praesertim
819 1579 848 1612 a
895 1573 1115 1626 ternpore
1165 1565 1351 1614 Concil.
1400 1566 1536 1613 Trid.
1572 1581 1673 1630 quo

239 1628 550 1680 matrimonia
591 1630 896 1678 clandestina
933 1631 1084 1681 vetita
1120 1642 1249 1679 sunt.
1318 1633 1519 1681 Insueta
1556 1643 1669 1681 sunt

239 1697 548 1747 matrimonia
579 1698 668 1745 sub
690 1697 972 1745 conditione
1000 1698 1264 1756 celebrata,
1289 1714 1384 1747 nec
1409 1715 1438 1746 a
1462 1709 1672 1763 peccato

238 1765 434 1815 mortali
475 1764 701 1813 excusari
735 1773 938 1830 possunt
977 1764 1060 1828 qui
1111 1765 1227 1814 talia
1263 1765 1559 1815 contrahunt
1584 1778 1667 1816 aut

241 1831 335 1884 illis
360 1831 617 1880 intersunt.

255 1937 258 1941 .
309 1900 376 1948 R.
425 1902 492 1947 2⁰.
546 1902 796 1953 Quantum
856 1898 917 1947 ad
952 1897 1288 1948 validitatem:
1338 1900 1415 1948 vel
1453 1899 1670 1950 conditio

239 1967 465 2031 apposita
519 1976 592 2015 est
628 1966 851 2026 honesta,
912 1966 988 2015 vel
1030 1966 1302 2026 inhonesta,
1340 1968 1416 2015 vel
1456 1967 1671 2033 impossi-

235 2034 363 2083 bilis.

312 2105 389 2149 1⁰·
428 2100 478 2152 Si
505 2100 724 2150 conditio
762 2099 824 2149 sit
865 2100 1088 2158 honesta,
1126 2101 1203 2148 vel
1245 2110 1318 2150 est
1345 2101 1407 2150 de
1443 2102 1671 2166 praesenti

238 2178 326 2217 aut
350 2168 412 2217 de
436 2168 701 2231 praeterito,
721 2185 767 2216 v.
793 2185 841 2231 g.
868 2169 1104 2216 contraho
1129 2178 1312 2226 tecum,
1349 2171 1402 2215 si
1418 2168 1582 2218 nobilis
1605 2186 1670 2227 es,

238 2237 283 2285 si
305 2235 399 2284 tale
419 2236 591 2284 crimen
618 2252 709 2284 non
734 2236 992 2291 admisisti5
1032 2236 1107 2283 vel
1135 2246 1209 2283 est
1228 2235 1291 2283 de
1310 2235 1476 2283 futuro
1501 2252 1672 2284 neces·

236 2303 364 2352 sario
405 2312 490 2351 aut
532 2301 853 2364 contingenti,
892 2318 936 2349 V.
969 2318 1019 2364 g.
1059 2301 1285 2350 contraho
1323 2310 1485 2361 tecum,
1521 2304 1563 2351 ‚si
1604 2302 1673 2351 sol

237 2384 340 2421 oras
365 2370 564 2425 oriatur,
599 2370 640 2417 si
663 2370 729 2417 sis
750 2369 899 2416 haeres
912 2368 1071 2433 patris
1094 2369 1180 2416 tui.

259 2478 261 2480 .
310 2435 360 2485 Si
387 2436 603 2485 conditio
627 2436 848 2492 honesta,
885 2435 947 2482 sit
981 2434 1042 2483 de
1066 2435 1294 2498 praesenti
1318 2443 1368 2481 et
1404 2434 1670 2498 praeterito,

236 2504 452 2552 validum
495 2512 568 2552 est
605 2502 981 2556 matrimonium,
1018 2502 1165 2549 modo
1202 2500 1426 2550 conditio
1474 2511 1675 2550 exstet:

238 2571 326 2618 sed
352 2575 586 2634 conjuges
612 2586 673 2618 eo
709 2570 777 2618 uti
803 2585 905 2617 non
941 2579 1144 2634 possunt
1170 2568 1329 2617 donec
1352 2578 1493 2622 vcerto
1517 2569 1669 2618 scive-

237 2636 335 2690 rint
353 2636 579 2701 impletas
605 2653 711 2686 esse
738 2637 1058 2685 conditiones.
1496 2664 1499 2666 -
1573 2670 1577 2673 -

255 2747 257 2750 Α
310 2704 361 2754 Si
395 2704 635 2752 'conditio
690 2703 912 2760 honesta,
950 2701 1012 2751 sit
1057 2702 1122 2750 de
1165 2701 1330 2751 futuro
1377 2701 1670 2760 necessario,

239 2770 453 2820 validum
501 2779 576 2820 est
622 2769 998 2826 matrimonium,
1036 2785 1192 2833 eaque
1233 2769 1453 2817 conditio
1494 2769 1670 2817 ‚haberi

240 2838 392 2887 debet
433 2846 487 2886 ut
524 2852 738 2901 praesens
779 2846 829 2884 et
871 2837 1149 2901 completa:
1194 2836 1573 2901 Taliasuturaf
1598 2836 1670 2883 in-

227 2905 343 2968 :quit
370 2905 420 2955 S.
447 2905 660 2954 Thomas
686 2912 855 2969 quaest.
895 2906 976 2957 47.
1020 2913 1110 2953 art.
1136 2906 1183 2953 5.
1217 2912 1323 2954 sunt
1343 2904 1595 2968 praesentia
1619 2902 1671 2951 in
1709 2929 1718 2933 e

237 2972 406 3025 causis.
1538 3019 1542 3021 ,
1568 3018 1571 3021 ,
1618 3035 1667 3084 S·

250 3064 255 3071 ·
379 3072 384 3078 ,
1656 3052 1667 3082 l
