1846 3250
229 170 328 219 426
725 167 1153 219 TRACTATUS

223 302 350 351 inter
365 301 502 366 filios
537 301 761 357 dividere,
797 320 889 350 non
926 306 1098 367 poterit
1112 303 1274 367 filium
1299 302 1658 368 dilectaefizcere

221 369 580 435 primogenitum
638 376 702 431 et*
737 372 965 434 prcqferre
989 371 1104 434 filio
1161 372 1345 429 odiosoe,
1397 370 1481 420 sed
1494 368 1657 433 filium

225 436 394 486 odiosoe
429 436 591 500 ficiet
639 437 1020 502 primogenitum.
1111 438 1186 486 Ibi
1224 439 1462 502 expressis
1498 436 1657 484 verbis

225 518 387 550 sermo
438 503 496 550 fit
548 502 610 551 de
647 503 751 551 viro
788 505 907 551 duas
961 521 1140 552 uxores
1181 505 1410 554 habente.
1503 502 1657 565 Atqui

225 572 391 618 tamen
429 571 615 618 nullum
658 568 1026 635 improbationis
1063 573 1255 635 signum
1285 573 1352 620 ibi
1391 580 1657 636 comparet.

225 636 363 700 Ergo
387 637 575 685 licitum
599 637 692 686 fuit
716 638 918 691 Judaeis‚
944 643 1033 687 &c-

298 707 363 751 20·
402 706 607 753 Constat
665 721 726 753 ex
767 706 922 753 veteri
971 707 1290 754 Testamento
1327 705 1488 769 plures
1530 704 1657 751 viros

224 770 411 835 pietate
447 772 660 836 insignes
696 773 873 820 multas
911 773 1041 829 olim,
1078 774 1209 836 apud
1250 774 1468 831 Judaeos,
1516 772 1659 819 simul

224 855 407 888 uxores
456 836 702 887 habuisse.
788 840 870 887 Sic
924 844 967 887 1.
1004 841 1132 904 Reg.
1173 844 1216 888 1.
1263 841 1446 890 Elcana
1497 838 1658 887 hahuit

226 908 345 954 duas
366 924 545 964 uxores,
577 908 770 954 Annam
797 916 845 955 et
868 908 1232 956 Phenennam.
1271 907 1434 956 David
1461 909 1506 953 2.
1533 900 1660 969 Reg.

228 976 276 1020 2.
301 977 346 1020 2.
371 974 490 1022 duas
517 973 661 1022 etiam
702 974 928 1023 habuisse
971 975 1168 1029 dicitur,
1197 975 1451 1024 Achinoam
1476 981 1520 1025 et
1546 971 1661 1020 Aba·

220 1040 342 1104 gail.
377 1040 585 1104 Legitur
610 1044 656 1088 2.
693 1041 904 1105 Paralip.
930 1044 1011 1090 24.
1038 1047 1083 1089 2.
1107 1042 1227 1090 duas
1265 1042 1375 1091 Joae
1416 1055 1595 1089 uxores
1631 1054 1661 1086 a

223 1106 401 1155 Joiada
423 1108 572 1157 fuisse
597 1108 752 1155 datas.

294 1175 526 1223 Diximus
562 1186 725 1223 autem
762 1174 810 1222 in
859 1176 1078 1224 secunda
1130 1174 1472 1239 propositionis
1519 1183 1659 1237 parte

225 1240 415 1290 Judoez‘s
448 1242 631 1290 licitam
669 1241 817 1290 fuisse
872 1243 1200 1306 pluralitatem
1238 1251 1448 1290 uxorum
1495 1241 1660 1293 simul-

226 1318 440 1368 taneam‚
479 1310 592 1372 quia
628 1310 798 1358 nullibi
849 1310 1029 1373 legitur
1087 1312 1214 1358 hanc
1264 1309 1550 1357 facultatem
1596 1307 1661 1355 ad

224 1376 359 1424 hunc
386 1378 462 1424 vel
488 1378 622 1424 illum
647 1376 796 1425 fuisse
821 1377 1111 1425 restrictam.
1194 1378 1316 1433 Iunc,
1353 1375 1511 1438 inquit
1550 1391 1661 1422 me-

224 1442 321 1492 rito
348 1445 585 1502 cometus,
622 1460 715 1492 nec
757 1445 821 1491 ad
861 1446 1093 1507 quosdam
1135 1444 1240 1492 sine
1281 1443 1416 1507 gravi
1456 1443 1661 1491 aliorum

226 1512 462 1560 scandalo
487 1521 535 1560 et
561 1511 838 1576 suspicione
864 1512 1105 1575 potuisset
1128 1512 1373 1575 restringi.

298 1580 534 1628 Dicesl‘*
571 1580 700 1627 Gen.
732 1581 814 1628 25
852 1580 1091 1628 Mulieres
1128 1596 1246 1643 quas
1289 1578 1457 1627 habuit
1501 1577 1661 1626 Abra·

226 1645 340 1693 ham
377 1654 554 1709 praeter
593 1646 777 1695 Saram
793 1647 1124 1708 appellantur
1148 1641 1474 1694 concubinae·
1509 1643 1662 1692 Dedit

228 1713 471 1761 Abraham
506 1720 668 1761 συκῆ
691 1715 808 1778 q'uoe
850 1713 1122 1778 possederat
1163 1713 1321 1769 Isaac,
1348 1712 1476 1775 filiis
1507 1719 1660 1759 autem

228 1780 586 1829 concubinarum
623 1779 824 1844 largitus
864 1788 932 1829 est
964 1798 1171 1828 munera.
1262 1781 1395 1843 Ergo
1431 1778 1659 1825 mulieres

224 1846 334 1894 istae
372 1863 466 1894 non
512 1857 649 1895 erant
689 1864 816 1895 verae
855 1847 1098 1904 mulieres,
1149 1863 1243 1895 nec
1280 1845 1484 1911 proinde
1526 1843 1661 1891 licita

227 1914 320 1962 fuit
349 1913 643 1962 Patriarchis
670 1931 878 1962 uxorum
904 1914 1171 1978 pluralitas.

300 1983 363 2029 R.
400 1982 684 2029 concubinae
723 1998 917 2037 nomen,
956 1982 1089 2045 quod
1128 1997 1190 2029 ex
1214 1997 1304 2028 usu
1330 1988 1532 2043 recepto
1558 1994 1663 2025 mu-

226 2047 398 2098 lierem
423 2049 727 2101 inhonestam
775 2060 933 2106 sonat,
969 2049 1099 2113 apud
1125 2058 1259 2098 vetet
1264 2064 1314 2095 es
1340 2048 1539 2096 Judaeos
1564 2044 1660 2108 sig-

228 2116 454 2165 nificasse
478 2133 642 2165 veram
668 2116 755 2165 sed
778 2116 982 2165 secundi
1016 2115 1198 2165 ordinis
1240 2120 1515 2177 conjugem,
1557 2111 1661 2159 sine

229 2184 556 2242 solemnitate,
594 2184 697 2232 sine
717 2184 851 2240 dote,
877 2184 963 2232 sed
988 2183 1168 2231 sobolis
1206 2181 1521 2259 procreandae
1546 2195 1663 2227 cau-

229 2267 284 2298 sa
308 2262 621 2314 assumptam,
661 2268 769 2315 quae
809 2251 1050 2314 primariae
1092 2251 1254 2298 uxoris
1292 2259 1420 2298 esset
1448 2247 1664 2304 Ancilla,

232 2323 471 2380 cuiusque
506 2319 699 2387 soboles
753 2319 815 2364 ad
874 2317 1207 2369 haereditatem
1268 2327 1519 2379 paternam
1564 2330 1662 2361 non

230 2387 515 2442 vocabatur,
554 2385 593 2432 si
618 2384 873 2449 primaria
932 2389 1113 2446 conjux
1165 2384 1329 2431 liberis
1379 2383 1667 2438 donaretur„

232 2464 380 2516 prout
408 2453 562 2500 Sarae
566 2442 677 2514 jam
692 2453 870 2500 vetulae
894 2451 1116 2515 contigit.
1186 2451 1312 2498 Rem
1331 2450 1399 2497 ita
1424 2465 1529 2497 esse
1546 2464 1662 2496 eon-

233 2530 346 2578 stat,
381 2524 455 2567 10·
480 2520 592 2581 quia
618 2522 772 2584 Agar,
819 2519 1053 2576 Cethura,
1081 2519 1203 2566 Bala
1243 2529 1293 2566 et
1335 2517 1524 2580 Zelpha
1560 2532 1663 2562 mo-

236 2587 305 2634 do>
326 2604 500 2635 uxores
526 2588 672 2635 modo
698 2587 985 2635 concubinae
1009 2595 1245 2634 vocantur
1272 2584 1452 2633 GeneS.
1485 2587 1561 2632 16.
1576 2586 1660 2631 25.

237 2656 317 2700 30.
345 2658 425 2701 35.
452 2658 528 2702 20·
556 2658 602 2702 2.
647 2656 773 2718 Reg.
801 2653 1004 2702 Davidis
1046 2652 1272 2701 mulieres
1311 2652 1456 2699 modo
1485 2665 1662 2698 uxores

233 2720 381 2768 modo
406 2721 694 2769 concubinae
718 2722 1040 2785 appellantur.
1282 2744 1284 2746 ·

305 2788 604 2837 Concubinae
628 2805 725 2835 vox
751 2788 923 2836 eodem
965 2803 1107 2836 sensu
1152 2786 1296 2834 etiam
1323 2785 1486 2851 primis
1511 2784 1661 2848 Legis

239 2856 534 2919 evangelicae
559 2842 858 2919 temporibus
901 2854 1163 2919 aliquando
1200 2859 1403 2917 accepta
1429 2862 1518 2910 est,
1546 2868 1590 2898 v.
1614 2862 1664 2927 8.

237 2939 266 2971 a
294 2922 481 2973 Concil.
506 2923 746 2975 Toletano
778 2927 854 2972 10
891 2923 1241 2971 Verumtamen
1273 2921 1504 2985 deinceps
1530 2920 1665 2984 peni-

1582 2995 1660 3031 tus
