1846 3250
288 140 356 185 40
791 139 1217 196 TRACTATUS

357 273 504 323 Proh.
531 276 577 321 2³.
602 292 740 340 pam,
778 295 939 343 nempe
960 280 1108 329 solam
1125 299 1346 333 manuum
1370 285 1705 351 impositionem

295 342 618 406 Ordinationis
641 361 737 393 esse
759 348 1021 397 materiam.
1098 354 1157 397 10·
1185 352 1311 404 Quia
1335 353 1451 400 nihil
1477 354 1607 402 aliud
1634 367 1708 402 est

290 411 371 457 cui
409 412 486 459 vel
531 414 760 477 Apostoli
799 417 877 463 vel
915 418 1085 466 Patres
1112 419 1331 467 Gratiam
1376 422 1709 471 Ordinationis

286 480 570 529 attribuant.
641 482 704 526 2⁰·
755 483 881 536 Quia
914 485 1189 534 orientales
1237 489 1416 538 nullam
1466 491 1606 538 aliam
1647 492 1709 538 ad

285 548 418 597 hunc
445 564 598 614 usque
623 548 750 599 diem
779 553 1026 602 materiam
1052 554 1102 601 in
1140 556 1541 606 Ordinationibus
1572 559 1708 607 adhi-

287 619 500 666 buerunt
525 629 702 682 praeter
742 636 971 669 manuum
1008 622 1382 687 impositionem,
1421 637 1474 674 ut
1516 637 1709 674 constat

284 705 375 752 pro
399 687 604 750 antiquis
629 689 927 752 temporibus
953 706 1017 738 ex
1051 692 1244 740 silentio
1277 694 1489 742 omnium
1510 695 1705 743 omnino
1729 746 1731 749 Α

286 760 565 804 Auctor-um
613 757 1076 815 ecclesiasticorum,
1114 776 1202 823 pro
1243 762 1545 826 temporibus>
1585 779 1702 811 vero

281 824 637 873 recentioribus
685 841 749 873 ex
798 827 1020 875 omnibus
1069 828 1392 877 Orientalium
1452 831 1704 879 ritualibus

281 893 459 942 Libris.
528 893 681 941 Porro
705 892 867 941 Latini
909 912 1153 957 nunquam
1180 913 1347 945 eorum
1375 898 1541 946 Ritum
1570 900 1706 963 quasi

283 963 468 1009 nullum
496 971 546 1010 et
580 961 767 1009 irritum
793 965 1132 1027 reprobarunt,
1170 975 1223 1013 ut
1261 976 1398 1030 patet
1423 983 1485 1015 ex
1515 967 1705 1016 Concil.

281 1030 606 1094 Lugdunensi
642 1040 692 1077 et
716 1030 915 1079 Florent
941 1032 990 1078 in
1030 1032 1203 1097 quibus
1231 1050 1339 1081 cum
1367 1035 1423 1082 iis
1449 1051 1545 1098 pax
1580 1035 1698 1083 inita

279 1110 370 1148 est.
408 1102 472 1146 3⁰·
501 1098 686 1146 Eadem
712 1114 822 1162 pars
847 1101 1080 1164 probatur
1107 1118 1171 1149 ex
1197 1101 1398 1150 aliarum
1426 1103 1698 1168 opiniorum

280 1167 632 1217 confutatione.

350 1234 646 1284 Addidimus
671 1245 834 1283 autem
861 1235 1065 1284 formam
1094 1237 1427 1286 ordinationis
1465 1255 1569 1287 esse
1597 1255 1702 1287 ora-

280 1303 479 1361 tionem,
518 1319 625 1351 eam
651 1302 881 1351 videlicet
906 1320 1013 1368 quae
1032 1320 1258 1353 manuum
1281 1307 1571 1371 impositioni
1597 1323 1705 1355 cor-

277 1372 561 1436 respondet.
632 1371 689 1417 In
715 1387 776 1418 eo
793 1371 927 1429 nulla
964 1382 1040 1419 est
1064 1373 1350 1431 difficultas;
1385 1375 1423 1423 si
1450 1376 1577 1423 enim
1602 1392 1704 1423 ma-

278 1438 688 1503 nuumimpositio
714 1441 776 1486 sit
793 1440 1124 1489 Ordinationis
1151 1443 1367 1500 materia,
1397 1459 1701 1505 consequens

278 1520 352 1558 est
372 1509 639 1556 orationem
666 1508 1129 1571 correspondentem
1156 1509 1371 1570 ejusdem
1397 1511 1700 1559 Sacramenti.

277 1593 385 1626 esse
410 1576 632 1630 formam,
668 1590 780 1621 cum
820 1575 1021 1624 cuilibet
1045 1577 1258 1624 materiae
1300 1578 1477 1626 debeat
1515 1594 1700 1626 corres-

276 1645 494 1711 pondere
520 1642 691 1698 forma,
733 1653 785 1691 ut
810 1644 923 1690 olim
949 1659 977 1691 a
1001 1643 1139 1692 nobis
1164 1645 1348 1692 dictum
1375 1658 1448 1694 est
1472 1647 1520 1692 in
1548 1646 1700 1695 Trac-

275 1725 363 1762 tat.
404 1712 465 1760 de
512 1710 837 1759 Sacramentis
871 1710 919 1758 in
962 1727 1160 1776 genere,
1197 1713 1346 1779 idque
1381 1714 1429 1761 in
1469 1716 1693 1763 confesso

277 1793 350 1831 est
375 1779 506 1845 apud
532 1795 714 1828 omnes.
1496 1772 1507 1788 ⁸

342 1915 597 1967 Solvuntur
636 1915 922 1982 Ορᾷεείὶοηεε
955 1923 1116 1964 contra
1163 1917 1281 1966 duas
1307 1918 1650 1984 propositiones

830 1985 1154 2049 proecedentes.

344 2120 450 2185 Ohj.
511 2127 672 2169 contra
694 2121 739 2165 3.
760 2118 1134 2184 propositionem.
1176 2122 1236 2166 1⁰·
1274 2121 1353 2169 Ex
1378 2121 1569 2170 silentio
1596 2123 1693 2172 Ve-

272 2199 433 2237 terum
459 2188 689 2236 concludi
713 2203 810 2233 non
846 2195 1008 2250 potest
1042 2187 1469 2236 instrumentorum
1496 2206 1691 2252 porrec—

272 2257 452 2318 tionem
514 2255 723 2319 antiquis
782 2254 1078 2317 temporibus
1114 2255 1160 2301 in
1225 2256 1544 2304 Ordinatione
1591 2274 1689 2304 non.

272 2325 422 2373 fuisse
448 2325 692 2380 usitatam,
731 2339 842 2371 cum
867 2332 1058 2370 veteres
1104 2322 1378 2386 Scriptores
1401 2324 1690 2373 Infidelibus

273 2392 547 2456 Religionis
593 2402 769 2439 nostrae
816 2391 1046 2455 mysteria
1095 2392 1344 2438 occultare
1390 2392 1681 2440 studuerint.

271 2460 433 2508 Notat
459 2460 605 2524 igitur
629 2470 970 2524 argumentum
1010 2474 1074 2506 ex
1116 2474 1183 2506 eo.
1211 2458 1401 2507 silentio
1443 2471 1586 2508 antea
1610 2462 1692 2509 de-

271 2527 492 2576 ductum.
1600 2589 1604 2594 ι

341 2595 407 2643 R.
471 2594 833 2660 porrectionem
859 2593 1286 2643 instrumentorum
1311 2595 1427 2643 nihil
1453 2597 1688 2646 sacratius

271 2664 453 2712 habere
479 2673 531 2711 ut
558 2663 850 2717 occultetur,
889 2677 1030 2725 quam
1057 2678 1285 2710 manuum
1309 2664 1685 2728 impositionem.

274 2735 400 2781 Cum
454 2730 619 2795 itaque
669 2728 906 2785 Concilia,
958 2729 1360 2789 Sacramentaria,
1397 2743 1447 2780 et
1493 2744 1683 2781 veteres

270 2803 518 2849 Auctores
577 2796 898 2846 ecclesiastici
949 2812 1179 2845 manuum
1231 2798 1547 2863 impositionis
1588 2801 1683 2847 fre-

270 2867 581 2930 quentissime
638 2865 933 2913 mentionem
991 2865 1221 2924 fecerint,
1403 2895 1428 2911 ι,
1491 2868 1683 2916 ectione

207 2988 211 2991 ,
269 2936 715 2995 instrumentorum,
752 2933 792 2982 si
830 2932 956 2982 foret
980 2949 1108 2998 ‘pars
1151 2934 1195 2983 O
1285 2955 1294 2965 ν
1328 2950 1353 2964 ⁸-
1387 2936 1429 2978 2*-
