1846 3250
264 149 368 206 4252
667 181 670 184 -
779 144 1217 206 TRACTAT-US
1258 165 1263 171 ·
1289 151 1293 154 ’

265 292 450 346 fovere,
487 298 616 337 stare
654 295 816 337 tamen
836 299 1006 353 potest
1030 307 1141 338 cum
1168 284 1386 355 pluribus
1412 290 1693 341 mulieribus

265 355 565 420 coniugium,
602 356 640 404 si
665 358 820 404 solum
846 359 938 405 Jus
964 358 1183 406 naturale
1208 370 1473 422 spectetur.
1560 360 1694 408 ‘Con-

264 425 485 471 firmatur
510 435 850 487 argumentum
893 441 956 472 ex
1001 441 1060 473 eo
1108 426 1240 489 quod
1283 443 1377 474 una
1403 425 1575 474 mulier
1600 426 1697 472 rix-

265 507 367 548 osa,
403 491 630 555 litigiosa,
679 508 886 548 mor-osa,
937 509 1066 555 saepe
1112 494 1266 541 multo
1303 495 1466 557 plures
1502 494 1698 541 ⁴discor-

264 558 369 606 dias
406 559 589 608 excitet
624 576 765 621 quam
803 559 913 606 duae
954 561 1031 607 vel
1082 570 1179 607 t-r'es
1229 577 1337 623 quae
1384 562 1479 609 sint
1518 560 1696 608 indolis

263 626 470 689 placidae
507 637 556 674 et
592 636 811 673 amantes
847 627 997 689 pacis.
1093 627 1310 675 Aliunde
1349 628 1419 675 vir
1459 638 1511 675 ut
1547 637 1693 690 caput

264 705 315 741 et
351 694 586 757 superior,
624 694 822 741 dissidia
859 695 985 752 inter
1011 690 1192 741 uxores
1217 705 1392 743 exorta
1414 711 1501 744 sua
1525 707 1692 743 aucto·

261 761 407 809 ritate
434 774 481 823 et
507 762 764 823 prudentia
793 773 955 824 potest
982 777 1294 824 componere.

333 829 472 877 Idem
509 838 701 876 constat
737 845 800 875 ex
853 829 902 875 S.
947 829 1227 890 Augustino
1274 829 1357 877 lib.
1406 831 1486 877 22.
1523 839 1695 878 contra

264 895 498 944 Faustum
538 912 647 959 cap.
686 900 766 946 47.
811 896 892 943 ubi
933 895 1003 943 sic
1042 896 1286 959 loquitur:
1329 898 1455 950 Quid
1485 897 1694 945 criminis

262 971 328 1029 est
365 965 488 1028 quod
520 965 585 1025 der
605 963 821 1027 pluribus
854 963 1070 1010 uxoribus
1105 964 1243 1026 simul
1273 964 1443 1013 habitis
1479 964 1693 1026 objicitur

259 1039 419 1078 sancto
443 1030 541 1078 viro
566 1030 755 1079 Jacob?
812 1031 907 1077 Illo
944 1038 1147 1095 tempore
1185 1032 1238 1078 id
1279 1030 1407 1079 nulla
1433 1033 1561 1094 Lege
1581 1048 1689 1093 pro-

258 1097 514 1145 hibebatur.
600 1098 664 1144 Et
688 1098 771 1162 lib,
797 1097 858 1144 de
878 1098 1025 1143 Bono
1062 1098 1274 1160 conjugii
1316 1114 1422 1161 cap.
1448 1100 1495 1147 7.
1530 1097 1689 1162 plures

237 1165 469 1229 faeminas
493 1165 577 1212 uni
618 1164 717 1212 viro
731 1165 896 1228 fuisse
931 1164 1138 1228 legimus,
1176 1182 1322 1227 neque
1364 1166 1482 1212 enim
1525 1173 1686 1225 contra

257 1240 476 1279 naturam
523 1233 790 1296 nuptiarum
837 1239 920 1278 est.
996 1232 1150 1278 Porro
1186 1232 1225 1277 si
1260 1230 1547 1309 polygamia·
1573 1231 1687 1282 olim

254 1299 390 1345 nulla
428 1298 564 1361 Lege
589 1299 964 1374 prohibebatur,
1004 1314 1096 1346 nec
1131 1299 1191 1346 ‘sit
1218 1312 1387 1346 contra
1413 1299 1688 1387 nuptiarum

254 1376 496 1421 naturam,
533 1364 682 1428 igitur
708 1365 830 1428 Legi
858 1366 1061 1412 naturali
1088 1382 1183 1412 non
1211 1377 1468 1429 repugnat

327 1433 446 1481 Dixi
473 1443 635 1481 autem
662 1432 709 1478 in
743 1432 1090 1496 propositione,
1128 1434 1347 1482 absolute.
1441 1434 1551 1480 Non
1596 1432 1700 1493 dif->

253 1502 449 1550 fitemur
485 1500 612 1549 enim
653 1515 854 1547 uxorum
913 1501 1238 1562 pluralitatem
1300 1517 1407 1548 esse
1454 1505 1685 1562 monoga-

253 1569 350 1616 mia
385 1568 815 1631 imperfectiorem,
855 1568 1110 1630 minusque
1158 1568 1265 1616 Juri
1316 1568 1521 1615 naturali
1558 1583 1688 1614 con-

250 1646 551 1689 sentaneam,
589 1647 702 1681 cum
741 1634 1058 1681 difficiliorem
1097 1651 1367 1682 numerosae
1392 1635 1540 1698 prolis
1566 1635 1684 1682 edu-

250 1703 494 1751 cationem
537 1701 727 1755 reddat,
779 1701 952 1763 jurgiis
1011 1702 1174 1748 multis
1233 1703 1396 1750 locum
1451 1703 1682 1764 praebeat,

251 1770 358 1833 paci
397 1768 675 1817 domesticae
716 1768 872 1820 minus
926 1768 1104 1823 faveat,
1161 1770 1388 1844 bonoque
1432 1769 1684 1816 societatis

249 1836 496 1885 communi
534 1835 691 1882 minus
729 1835 989 1882 conducat.
1083 1835 1216 1881 Hinc
1263 1835 1311 1881 in
1352 1835 1577 1898 primaeva
1613 1836 1685 1882 in-

245 1914 516 1960 stitutione,
544 1919 612 1956 ac
666 1904 755 1948 sub
816 1902 956 1963 Lege
1009 1903 1293 1964 evangelica
1347 1919 1455 1965 quae
1493 1904 1676 1950 cultum

245 1969 594 2047 perfectiorem
633 1968 840 2017 instituit
882 1985 940 2016 ac
984 1970 1228 2016 communi
1272 1970 1519 2017 societatis
1552 1972 1678 2017 bono

229 2038 400 2099 'tnagis
427 2036 686 2092 consuluit,
716 2037 959 2099 prohibita
987 2047 1076 2094 est,
1110 2048 1158 2083 ut
1188 2037 1334 2084 modo
1358 2035 1643 2085 videbimus.

315 2105 462 2155 Dices
510 2108 585 2150 10·
646 2103 931 2167 Polygamia
989 2114 1190 2167 pugnat:
1227 2121 1338 2152 cum
1391 2104 1679 2151 matrimonii

246 2173 473 2225 essentia,
512 2188 621 2234 quae
661 2171 820 2233 posita
859 2182 933 2218 est
958 2171 1005 2217 in
1034 2171 1378 2232 conjunctione
1405 2172 1544 2253 unius
1569 2184 1680 2219 cum

248 2256 363 2289 una
435 2240 568 2300 Ergo
596 2240 753 2313 Lege
747 2239 966 2285 naturali
991 2239 1293 2300 prohibetur.
1650 2255 1653 2268 2

314 2310 378 2355 R.
415 2323 518 2369 neg.
555 2304 846 2351 matrimonii
894 2304 1153 2351 essentiam
1221 2306 1426 2366 positam
1475 2321 1585 2353 esse
1629 2305 1677 2352 in

235 2374 596 2437 'conjunctione
635 2371 775 2419 unius
808 2387 921 2422 ‚cum
963 2386 1057 2417 una
1093 2382 1297 2418 tantum.
1377 2372 1510 2422 Hinc
1548 2372 1673 2420 enim

243 2450 534 2505 sequeretur
574 2438 877 2486 Patriarclias
936 2438 1084 2485 fuisse
1149 2438 1416 2492 adulteros,
1464 2439 1675 2505 fictaque

244 2506 551 2556 matrimonia
587 2505 937 2553 contraxisse&
960 2505 1091 2567 quod
1131 2505 1266 2552 dictu
1311 2506 1545 2553 nefarium
1584 2519 1673 2564 est,

246 2593 360 2625 cum
384 2574 610 2622 laudibus
636 2590 663 2620 a
686 2573 1012 2635 Scriptoribus
1037 2572 1185 2624 sacris
1213 2574 1537 2623 cumulentur.

314 2645 461 2690 Insts
493 2640 863 2689 Matrimonium
916 2640 964 2685 in
1023 2640 1176 2702 prima
1234 2655 1321 2686 sua
1373 2640 1674 2689 instituti-'one

243 2709 338 2757 fuit
362 2707 644 2770 conjunctio
689 2707 829 2755 unius
869 2723 980 2754 cum
1024 2722 1120 2753 una
1161 2716 1367 2762 tantum,
1412 2717 1463 2753 ut
1506 2719 1673 2770 postea

244 2777 455 2831 dicitur-3
489 2790 608 2836 ergo
634 2773 755 2820 illud
781 2774 843 2821 ad
867 2773 1123 2821 essentiam
1151 2778 1254 2834 ejus
1280 2774 1506 2835 pertinet.

296 2846 386 2892 R
407 2859 455 2890 n.
489 2857 667 2905 conseq.
690 2840 789 2888 Sic-
830 2841 944 2888 licet
984 2856 1013 2886 a
1044 2840 1329 2901 primordiis
1351 2840 1495 2889 homo
1524 2840 1675 2889 fuerit

237 2917 397 2999 justus
434 2919 483 2957 et
520 2908 773 2966 innocens,
810 2923 905 2955 non
956 2906 1069 2955 inde
1123 2918 1296 2956 tamen
1321 2908 1544 2983 sequitur
1573 2912 1675 2968 Jus-

377 2983 382 3006 ³
1511 2973 1664 3022 titiam
