1846 3250
199 158 303 205 224⁴
701 157 1129 209 TRACTATUS

203 291 565 346 contraxerint;
602 290 692 339 illa
722 291 770 338 in
809 291 947 356 praxi
983 295 1191 342 tenenda
1218 305 1300 344 est
1341 295 1630 359 disciplina,

202 360 292 407 nisi
331 360 454 406 forte
493 358 659 406 aliter
674 361 944 409 decreverit
972 362 1258 427 EpiscopuS‚
1302 375 1354 412 ut
1394 365 1633 412 decrevit

205 426 485 476 Sanctesius
527 427 854 475 Ebroicensis
876 430 1146 507 Episcopus
1192 432 1272 495 qui
1315 449 1425 481 ann.
1468 434 1617 482 1576

203 510 412 558 sequens
439 495 686 543 Statutum
711 497 877 544 edidit.
949 500 1019 546 Si
1037 500 1086 546 in
1114 500 1452 549 Hoereticorum
1494 502 1619 548 Con-

203 561 428 611 venticulo
452 563 525 611 vir
560 571 603 611 et
628 564 791 612 mulier
816 565 1176 614 Mairzmom'zem
1210 567 1529 616 contraxerint
1570 575 1633 616 et

177 629 547 689 χεεῖεόναυενὶηιΐ,
583 629 848 687 statuimus,
876 642 1083 681 cessante
1126 631 1281 682 silicet
1315 636 1440 683 omni
1478 636 1627 700 impe·

206 699 408 746 dimento
430 700 663 756 canonico,
700 700 827 766 ipm,
864 718 962 748 cum
1001 703 1064 749 ad
1085 703 1248 750 Fidem
1272 703 1618 767 regrediuntur,

206 768 255 816 in
267 766 411 830 facie
431 765 675 816 Ecclesia?
686 766 1036 816 benedictionem
1076 771 1152 818 in
1164 769 1366 838 nuptiale
1404 770 1567 818 Mzsea
1593 787 1625 817 a

212 834 389 883 Curato
411 833 480 882 vel
514 834 695 884 Vicario
717 834 934 899 conferri,
972 855 1029 885 ne
1053 836 1216 885 saltem
1239 834 1444 886 dubitari
1476 837 1628 914 possit

208 918 273 950 an
311 919 491 951 eorum
514 902 880 963 Matrimonium
894 913 1066 952 eareat
1108 906 1398 953 Sacramenti
1442 905 1640 954 ratzone

207 977 252 1018 et
288 960 479 1019 Gratia.
551 960 601 1018 Si
642 981 805 1019 autem
856 972 1090 1020 Haenetici
1135 973 1362 1041 invalide,
1398 972 1636 1020 nimirum,

206 1046 426 1102 propter
466 1037 664 1102 aliquod
718 1037 1134 1103 impedimentum
1205 1039 1449 1097 dirimens,
1494 1051 1621 1087 ‘ante

210 1104 575 1154 conversionem
651 1107 997 1165 contraxerint,
1058 1109 1229 1172 procul
1305 1108 1454 1156 dubio
1511 1105 1636 1171 post'

210 1181 378 1222 eorum
426 1173 486 1221 ad
531 1174 802 1223 Ecclesiam
842 1192 1130 1239 regressum,
1167 1177 1264 1224 ritu
1313 1175 1569 1223 Ecclesiae*
1596 1191 1628 1223 a

212 1241 481 1289 Sacerdote
530 1258 640 1289 cum
686 1244 1028 1292 bencdictione
1087 1243 1290 1307 nuptiali
1347 1241 1624 1291 iterandum

211 1319 286 1357 est
333 1324 502 1357 eorum
548 1309 929 1369 Matrimonium,
967 1312 1180 1376 alioquin
1219 1311 1269 1357 in
1304 1310 1626 1359 fornicatione

210 1377 446 1425 viverent.

236 1478 239 1481 Δ
290 1444 366 1493 Ad
390 1446 582 1493 valeant
607 1462 735 1494 nunc
775 1446 824 1493 in
864 1446 1035 1495 Galliis
1060 1446 1416 1494 Haereticorum
1446 1446 1627 1507 Conju-

208 1512 305 1578 gia,
344 1514 695 1577 expendemus,
735 1515 814 1563 ubi
836 1515 896 1563 de
922 1516 1177 1579 praesentia
1202 1514 1413 1563 Parochi
1437 1524 1489 1563 et
1512 1515 1624 1563 Ma-

206 1581 418 1629 trimonii
443 1581 848 1630 clandestinitate.
1633 1618 1635 1620 s

284 1650 472 1705 Quaeres
498 1653 543 1697 8.
582 1649 698 1713 quid
744 1649 1049 1698 sentiendum
1097 1650 1159 1697 sit
1201 1650 1263 1697 de
1307 1648 1626 1697 Matrimonio

211 1716 449 1767 Fidelium
476 1733 586 1765 cum
612 1716 910 1775 Infidelibus,
949 1735 1009 1766 an
1043 1717 1271 1766 videlicet
1314 1717 1374 1765 sit
1400 1717 1627 1775 validum,

209 1784 414 1843 licitum,
453 1795 502 1833 et
530 1781 894 1833 Sacramentum
914 1786 937 1831 Ρ

279 1854 343 1902 R.
374 1856 446 1899 10·
481 1852 616 1899 illud'
638 1870 742 1901 esse
769 1853 979 1900 validum
1021 1853 1068 1899 in
1106 1852 1291 1900 ratione
1330 1861 1627 1905 contractus,

212 1921 251 1970 si
276 1921 359 1968 fiat
384 1920 655 1969 secundum
690 1924 870 1985 patrias
910 1922 1089 1985 Leges,
1126 1930 1181 1968 ut
1203 1921 1320 1969 satis
1355 1930 1542 1968 constat
1566 1936 1629 1967 ex

211 1988 371 2037 dictis.

283 2057 359 2103 20·
396 2055 712 2104 Matrimonia
752 2057 858 2105 haec
895 2057 1034 2120 Lege
1069 2056 1348 2118 evangelica
1388 2070 1630 2117 nunquam

216 2125 491 2187 generatim
544 2124 786 2187 prohibita
840 2125 1071 2179 fuerunt;
1134 2124 1345 2187 alioquin
1401 2123 1628 2171 mulieres

217 2191 490 2240 christianae
516 2208 622 2255 quae
645 2192 756 2239 viris
797 2191 1071 2240 infidelibus
1110 2201 1393 2255 nupserunt,
1434 2201 1486 2238 ut
1519 2191 1631 2238 Mo-

215 2260 327 2308 nica
374 2258 639 2323 Augustini
685 2275 859 2323 parens
907 2277 1008 2320 quae
1053 2276 1082 2307 a
1124 2259 1352 2316 Patricio,
1408 2256 1630 2306 Clotildis

217 2344 326 2393 quae
372 2344 403 2376 a
444 2327 704 2376 Clodovaeo
743 2328 994 2375 Gallorum
1021 2328 1162 2389 Rege
1198 2326 1347 2373 ducta
1393 2337 1482 2381 est,
1531 2339 1628 2372 non

214 2396 421 2444 fuissent
449 2396 734 2444 Sanctorum
773 2395 906 2442 fastis
937 2394 1193 2458 inscriptae.

288 2467 367 2510 30·
406 2463 657 2524 EJusmodi
682 2463 995 2510 Matrimonia
1035 2462 1247 2526 quinque
1281 2459 1522 2524 prioribus
1545 2475 1633 2506 sae-

220 2531 359 2587 culis,
396 2531 653 2593 aliquando
678 2548 736 2579 ac
762 2531 906 2580 certis
931 2531 977 2577 in
1012 2528 1383 2578 circumstantiis
1431 2539 1632 2591 propter

219 2598 459 2646 Ecclesiae
501 2600 757 2647 utilitatem
798 2599 1014 2646 tolerata
1058 2607 1187 2656 sunt,
1237 2608 1289 2645 ut
1335 2606 1527 2644 constat
1567 2611 1632 2644 ex

216 2665 425 2714 laudatis
465 2667 609 2714 modo
636 2667 884 2731 exemplis.

286 2736 360 2781 40·
394 2733 619 2782 Ecclesia
655 2735 978 2792 nihilominus,
1016 2732 1222 2796 antiquis
1259 2731 1362 2780 istis
1402 2729 1632 2794 tempori-

219 2803 328 2858 bUS‚
377 2816 438 2850 ea
477 2801 705 2864 conjugia
751 2803 1017 2866 generatim
1064 2800 1352 2866 improbavit
1399 2810 1630 2862 tanquam

221 2868 386 2918 multis
421 2869 649 2934 perieulis
691 2870 918 2927 obnoxia,
955 2881 1008 2917 ut
1052 2879 1257 2917 constat
1279 2885 1343 2916 ex
1393 2868 1442 2916 S.
1480 2868 1629 2931 Cypr-

221 2938 333 2987 Lib.
360 2936 423 2988 de
458 2937 649 3004 Lapsis,
688 2938 898 3003 Synodo
912 2938 1367 2987 Eliberit.can.15.
1434 2932 1637 3050 IIgselS..

1485 3016 1545 3048 au
1569 3014 1621 3047 us
