1846 3250
638 205 735 255 DE
767 194 1069 253 ORDINE.
1498 202 1559 253 71

147 334 415 390 inficiamur
453 341 766 391 Diaconissas
798 340 911 389 olim
937 339 1174 396 oratione,
1210 337 1440 388 manuum
1471 336 1563 385 im-

148 411 403 474 positione,
441 427 536 458 non
561 426 703 459 secus
746 426 804 458 ac
831 410 1097 465 Diaconos,
1133 407 1281 456 fuisse
1307 410 1564 455 consecra-

147 490 236 535 tas,
273 479 478 542 illosque
502 478 621 526 ritus
647 477 978 527 Oidinationis
1003 477 1198 524 nomine
1222 476 1372 525 fuisse
1396 474 1564 540 appel-

147 547 298 603 latos;
333 547 421 595 sed
458 548 715 595 asserimus
757 546 863 594 haec
903 545 1064 593 omnia
1086 544 1257 592 fuisse
1270 555 1479 608 peracta
1501 543 1565 592 ad

145 614 328 662 nudum
355 615 662 680 simplexque
688 613 1025 692 ministerium,
1059 613 1343 678 neutiquam
1368 627 1484 660 vero
1503 611 1572 660 ad:

149 682 515 732 Ordinationem
559 683 756 748 pioprIe
781 683 962 731 dictam
988 693 1042 730 ut
1078 691 1270 729 constat
1297 697 1360 730 ex
1396 682 1564 728 earum

145 750 476 800 functionibus
514 752 659 800 modo
702 751 972 808 oecensitis,
1011 767 1116 814 quae
1158 749 1281 809 sacri
1324 748 1440 795 nihil
1481 749 1567 796 ha-

146 819 345 866 bebant.
394 823 475 867 20·
516 820 590 867 Ex
621 822 773 869 Cone.
805 819 1008 867 Nicaeno
1031 834 1142 866 can.
1168 805 1359 866 ⁶„lh-ubi
1386 816 1569 880 legitur

146 886 457 937 Diaconissas
480 890 603 937 inter
626 889 798 938 Laicos
833 888 1071 952 deputari.
1136 889 1218 932 30·
1264 885 1344 934 Ex
1373 885 1423 933 S.
1450 884 1568 949 Epi-

146 955 325 1033 plianio
366 957 482 1004 haer.
505 959 589 1007 79.
627 974 675 1002 n.
701 960 745 1004 3.
780 955 862 1004 ubi
905 955 1075 1004 asserit·
1097 954 1409 1004 Diaconissa‘s
1450 956 1568 1000 con-

143 1023 279 1071 stitui
327 1025 390 1072 ad
433 1024 580 1073 solum
623 1024 931 1073 ministerium
977 1021 1242 1082 mulierum,
1278 1022 1568 1071 reverentiae

147 1106 308 1149 causa,
345 1094 411 1141 ad
426 1094 742 1156 Baptismmn,
1458 1113 1460 1115 ’
1565 1096 1573 1117 ‘³

213 1157 362 1209 ches
393 1162 472 1208 20·
533 1161 706 1210 Fertur
750 1148 993 1209 foeminam
1051 1158 1310 1224 quamdam
1370 1157 1566 1207 nomine

146 1227 386 1275 Joannam
412 1229 674 1294 Papissam,
703 1233 747 1278 9.
773 1229 1011 1277 Ecclesiae
1036 1228 1231 1287 saeculo,
1258 1227 1455 1275 circiter
1478 1243 1569 1290 ρει

148 1295 407 1344 duodecim
431 1314 582 1346 annos
605 1298 733 1346 inter
764 1297 984 1346 Leonem
1012 1297 1103 1345 IV.
1139 1307 1194 1355 et
1238 1296 1567 1344 B'enedic‘tum

148 1362 245 1410 ΙΙΙ.
274 1365 451 1412 Sedem
478 1367 749 1424 Romanam
791 1380 1075 1428 occupasse.
1145 1364 1359 1421 Narrant.
1393 1364 1444 1422 'in
1468 1363 1567 1412 suis

152 1431 352 1494 Scriptis
376 1432 503 1481 hanc
545 1433 919 1481 historiamnon
961 1442 1147 1480 tantum
1186 1431 1441 1490 Haeret-ici,
1478 1431 1579 1480 sed·

146 1500 293 1548 etiam
322 1501 580 1559 Catholici,
616 1500 837 1549 nimirum
864 1499 1118 1549 Marianus
1162 1500 1345 1548 Scotus·
1382 1500 1566 1548 “saeculo

149 1570 229 1615 1-1.
263 1576 314 1616 et
338 1570 656 1632 sequentibus
680 1568 869 1617 saeculis
896 1567 1139 1617 Martinus
1165 1567 1397 1625 Polonus,
1426 1567 1568 1632 Sige-

144 1635 329 1694 bertus,
389 1637 677 1686 Vincentius
737 1635 1114 1694 Bellovacensis,
1177 1636 1227 1685 S.
1264 1635 1563 1693 Antoninus,

147 1703 353 1753 Platina.
423 1705 648 1754 Addunt
667 1705 860 1769 quidam
885 1706 1091 1755 Joannae
1116 1703 1329 1769 Papissae
1351 1704 1565 1768 effigiem

150 1772 289 1821 Senis
314 1772 371 1838 (a
398 1772 603 1838 Sienne)
636 1773 764 1822 inter
789 1775 1120 1822 Romanorum
1146 1773 1439 1821 Pontificum
1466 1783 1565 1822 sta-

145 1849 293 1958 ῐὸῗΙεΙ
292 1841 441 1891 visam
477 1850 585 1891 esse
623 1853 777 1906 usque
817 1841 880 1891 ad
914 1840 1256 1905 pontificatum
1295 1840 1564 1920 Clementis

212 1978 276 2026 R.
318 1980 397 2024 10·
432 1976 693 2026 convenire
732 1979 977 2026 Auctores
1024 1993 1206 2034 omnes,
1239 1976 1369 2041 hanc
1409 1976 1576 2024 foemi-›

121 2059 255 2092 <nam
281 2059 424 2104 suum
444 2061 616 2093 sexum
643 2057 749 2094 esse
784 2045 1079 2103 ementitam,
1118 2055 1171 2094 ut
1194 2045 1244 2092 in
1269 2044 1561 2094 Pontificem

146 2121 409 2161 crearetur.
428 2122 430 2124 ’
455 2149 458 2152 »
479 2115 710 2167 Quamvis
724 2113 1020 2177 'igiturvera
1066 2113 1211 2163 foret·
1230 2114 1336 2161 haec
1358 2113 1581 2162 historia

145 2188 243 2249 non
283 2180 397 2229 inde
435 2195 736 2246 consequens
781 2182 909 2231 foret
945 2181 1174 2232 mulieres
1217 2199 1326 2231 esse
1360 2181 1561 2231 Ordinis

145 2265 369 2314 capaces,
859 2274 864 2279 ·

213 2318 279 2366 R.
317 2321 397 2365 20·
422 2317 836 2367 anilemfabulam
874 2334 981 2368 esse
1016 2334 1123 2367 eam
1165 2318 1228 2368 de
1251 2320 1446 2369 Joanna
1469 2317 1585 2366 Pa-·

144 2384 295 2450 pissa
311 2385 653 2445 narrationem,
689 2387 839 2451 idque
870 2404 1002 2436 nunc
1049 2387 1272 2436 confiteri
1313 2403 1412 2434 non
1448 2394 1579 2435 tan-2

146 2463 246 2500 tum
290 2454 607 2514 Catholicos,
623 2455 709 2504 sed
750 2455 894 2504 etiam
938 2472 1002 2503 ex
1047 2456 1280 2504 Romanae
1325 2456 1556 2504 Commu-

143 2520 298 2570 nionis
321 2522 540 2571 hostibus
580 2522 706 2572 viros
747 2523 1069 2582 doctissimos,
1107 2524 1234 2572 inter
1259 2538 1381 2588 quos
1407 2522 1558 2581 Blon-

145 2587 335 2638 dellus
321 2606 372 2636 m
395 2590 594 2654 speciali
619 2607 678 2640 ea
702 2591 764 2641 de
798 2608 852 2639 re
878 2591 1231 2642 dissertatione.
1299 2591 1361 2639 Id
1394 2600 1559 2640 autem
1582 2615 1585 2618 ⁴

147 2662 353 2705 constat.

275 2724 452 2779 ·Quia
474 2741 504 2774 a
526 2726 687 2775 nullis
699 2726 993 2776 Auctoribus
1019 2724 1193 2776 coaevis
1218 2726 1429 2776 refertur
1448 2726 1559 2775 haec

144 2790 371 2850 historia,
395 2793 482 2841 sed
522 2794 858 2843 ducentesimo
889 2805 1087 2844 tantum
1128 2804 1251 2860 post
1243 2794 1442 2844 Leonis
1466 2795 1561 2842 IV.

144 2859 330 2906 obitum
371 2874 497 2907 anno
537 2856 723 2926 vulgari
761 2863 911 2927 coepit
946 2880 985 2912 a
1010 2864 1238 2912 Mariana
1279 2880 1424 2926 quem
1458 2862 1582 2920 alii„

145 2915 309 2974 multis
334 2927 508 2975 additis
534 2929 923 2987 circumstantiis,
959 2931 1115 2993 secuti
1141 2935 1282 2980 suntu-
1328 2929 1462 2985 Quis
1473 2945 1559 2977 au-

146 3005 243 3042 tem
285 2995 454 3044 credat
508 3011 630 3044 r.em
652 2999 782 3048 adeo
832 2989 1125 3064 singularem
1179 3007 1315 3047 tanto
1361 2996 1584 3045 silentio·

145 3063 381 3126 sepultam
406 3062 597 3112 fuisse?
882 3088 885 3093 ’

1325 3133 1390 3178 2⁰·
1428 3131 1555 3187 Quia
