1846 3250
610 174 706 227 DE
745 174 1034 226 ORDINE.
1443 176 1538 225 109

129 317 415 372 insistemus,
441 330 544 377 quae
569 310 709 361 variis
731 312 1101 362 ordinationum
1127 310 1382 376 speciebus
1405 313 1540 361 nullo

130 386 325 451 negotio
349 382 578 448 applicari
608 391 853 445 poterunt.

134 487 136 489 >
199 452 340 504 Proh.
370 449 626 517 propositio
657 453 727 496 10·
755 451 1084 505 Sacramenta,
1106 451 1250 513 juxta
1269 449 1540 498 Decretum

136 521 339 585 Eugenii
368 520 457 567 IV.
484 518 634 572 tribus
657 516 989 581 perficiuntur,
1026 519 1170 565 rebus
1190 528 1418 581 tanquam
1443 534 1544 566 ma·
1608 543 1611 547 <

135 591 270 648 teria,
306 588 464 637 verbis
502 597 731 649 tanquam
772 586 941 641 forma,
981 596 1030 632 et
1070 601 1275 648 persona
1311 585 1542 644 Ministri,

134 676 243 707 cum
269 657 536 705 intentione
572 654 785 702 faciendi
812 653 941 717 quod
965 652 1083 701 facit
1110 654 1348 702 Ecclesia.
1418 655 1545 703 Haec

132 737 295 775 autem
338 725 429 772 tria
456 722 763 788 reperiuntur
805 734 854 770 et
877 737 906 770 a
938 721 1074 770 nobis
1117 731 1455 786 supponuntur
1493 722 1544 769 in

138 792 535 842 ordinationibus
577 791 638 839 dc
673 791 847 854 quibus
882 790 1154 854 loquimur3
1205 807 1298 837 nec
1332 790 1544 849 haeresis,

136 880 229 911 nec
268 861 490 915 schisma,
543 875 637 907 nec
672 859 868 907 violatio
913 860 1165 908 Canonum
1208 869 1379 907 contra
1419 876 1542 923 quos

135 932 307 979 fierent
343 930 436 976 illae
462 926 820 983 Ordinationes,
858 927 1093 991 impedire
1119 936 1322 991 possunt
1358 928 1545 991 quomi-

136 1016 225 1047 nus
249 998 296 1044 in
320 997 377 1045 iis
402 995 800 1044 Ordinationibus
831 1006 929 1043 tres
954 995 1047 1042 illae
1072 995 1374 1043 conditiones
1406 1012 1545 1060 repe·
1616 1015 1620 1019 ¹

135 1067 334 1115 riantur.
408 1065 540 1128 Ergo
566 1062 735 1112 validae
759 1073 871 1112 sunt
911 1064 1005 1111 illae
1030 1063 1391 1123 Ordinationes,
1427 1064 1546 1114 licet

137 1152 233 1182 non
258 1133 419 1182 licitae.
1255 1195 1257 1197 ,

204 1207 283 1252 20·
321 1202 377 1250 In
403 1202 638 1249 Tractatu
661 1199 723 1250 de
751 1199 1075 1249 Sacramentis
1097 1201 1144 1248 in
1170 1217 1350 1264 genere
1373 1201 1545 1266 proba·

138 1281 240 1319 tum
260 1280 349 1327 est,
375 1270 521 1334 idque
544 1268 604 1317 ab
626 1269 845 1318 omnibus
869 1266 1139 1317 admittitur
1159 1270 1550 1334 Theologis‚·ne-

134 1356 236 1403 -que
260 1338 548 1402 probitatem
572 1353 733 1401 neque
756 1337 901 1386 fidem
927 1338 973 1384 in
1001 1336 1228 1385 Ministro
1253 1338 1314 1385 ad
1341 1338 1548 1386 validam

144 1411 565 1461 Sacramentorum
592 1405 945 1453 confectionem
972 1405 1166 1469 requiri.
1213 1405 1366 1469 Atqui
1385 1416 1549 1455 tamen

141 1474 485 1523 Ordinationes
510 1474 569 1520 ab
592 1472 866 1531 Haereticis,
896 1472 1242 1531 Schismaticis‚
1267 1474 1431 1522 aliisve
1452 1474 1550 1523 Im-

141 1542 302 1607 probis
345 1543 534 1589 collatae
573 1558 667 1589 non
704 1551 907 1607 possunt
947 1557 1052 1589 esse
1093 1542 1329 1598 invalidae,
1366 1542 1455 1590 nisi
1496 1542 1546 1589 in·

141 1621 374 1675 quantum
414 1608 628 1674 probitas
671 1621 756 1658 aut
795 1603 916 1657 fides
939 1609 988 1655 in
1014 1609 1251 1658 Ministris
1275 1610 1338 1658 ad
1378 1611 1549 1661 Sacra-

140 1692 411 1728 mentorum
449 1677 743 1725 validitatem
779 1677 1156 1741 requirerentur.

210 1751 285 1795 30·
312 1748 368 1794 In
390 1745 560 1794 eodem
576 1746 808 1794 Tractatu
829 1746 1124 1794 ostendimus
1137 1746 1433 1811 Baptismum
1455 1748 1550 1798 ritu

142 1815 362 1879 legitimo
387 1814 614 1862 collatum
637 1815 696 1862 ab
721 1814 995 1873 Haereticis‚
1035 1814 1362 1862 Schismaticis
1385 1816 1551 1865 aliisve

146 1884 382 1948 Imprubis
425 1897 530 1930 esse
572 1883 782 1929 validum
817 1899 910 1929 nec
947 1882 1363 1947 iterari-debere:
1393 1884 1550 1948 'atqui

147 1953 318 1999 eadem
360 1960 436 1998 est
474 1950 599 1996 ratio
643 1949 988 2006 Ordinationis,
1039 1950 1164 1997 sicut
1208 1960 1257 1998 et
1304 1951 1551 2014 Baptismi.

158 2019 410 2084 Utrumque
448 2019 794 2065 Sacramentum
839 2022 920 2076 est3
959 2018 1111 2082 inquit
1156 2019 1205 2067 S.
1246 2020 1552 2082 Augustinus

144 2086 228 2133 lib.
254 2088 301 2133 2.
339 2096 511 2134 contra
537 2085 900 2134 Parmenionem
928 2102 1033 2150 cap.
1065 2090 1139 2133 13.
1176 2103 1223 2133 n.
1253 2090 1333 2134 28.
1370 2097 1414 2135 et
1437 2106 1552 2152 qua-

144 2155 249 2201 dam
273 2153 618 2202 consecratione
640 2161 882 2218 utrumque
907 2155 1081 2203 homini
1101 2156 1240 2204 (latur
1259 2175 1276 2204 .·
1312 2155 1431 2205 illud
1453 2175 1552 2206 cum

147 2222 427 2286 baptizatur,
464 2222 591 2270 istud
611 2239 707 2269 cum
731 2223 990 2270 ordinatur.

140 2289 168 2324 -'
216 2294 294 2336 40·
328 2290 528 2337 Fatetur
565 2290 768 2352 ipsemet
814 2290 1035 2338 Morinus
1073 2292 1360 2340 sententiam
1387 2308 1554 2341 eorum

149 2359 229 2419 qui
269 2368 490 2426 asserunt
526 2357 706 2405 validas
752 2369 942 2422 semper
986 2358 1133 2407 fuisse
1179 2360 1555 2418 Haereticorum,

152 2425 594 2482 Schismaticorum,
622 2426 1032 2489 chradatorum,
1060 2429 1441 2476 simoniacorum
1463 2430 1557 2476 Or-

149 2494 436 2551 dinationes,
472 2495 532 2540 ab
575 2493 709 2541 annis
734 2499 849 2546 400,
887 2494 1029 2543 solam
1066 2497 1113 2543 in
1143 2496 1305 2544 scholis
1339 2515 1558 2562 regnasse

155 2561 304 2623 Atqui
329 2578 592 2609 consensus
617 2573 714 2609 tam
741 2561 976 2610 unanimis
1011 2575 1108 2610 tam
1145 2574 1370 2612 constans
1397 2566 1560 2613 Theo-

150 2628 370 2689 logor'um
396 2629 604 2676 omnium
630 2630 958 2692 gravissimum
998 2631 1218 2694 profecto
1245 2644 1315 2679 est
1342 2648 1555 2681 momen-

152 2705 255 2741 tum
295 2694 381 2759 pro
423 2696 624 2745 veritate
667 2698 867 2760 aiicujus
905 2700 1190 2755 sententiae;
1236 2716 1331 2749 nec
1369 2700 1559 2749 videtur

155 2763 390 2825 privatum
430 2764 733 2829 Theologum
779 2783 920 2830 posse
965 2768 1026 2814 ab
1075 2784 1133 2814 eo
1180 2769 1414 2817 recedere
1456 2771 1558 2817 sine

154 2830 445 2888 temeritate,
491 2831 585 2879 imo
633 2835 821 2881 errandi
870 2834 971 2883 sine
1018 2835 1253 2899 perionis),
1282 2837 1559 2900 praesertim

150 2915 267 2945 ¹cum
294 2913 555 2954 consensus
579 2899 659 2948 iile
677 2902 912 2951 Ecclesiae
940 2921 1025 2952 usu
1050 2914 1101 2953 et
1125 2906 1264 2968 praxi
1289 2907 1560 2963 roboretur,

144 2976 209 3015 ·ut
235 2967 379 3016 modo
404 2962 683 3016 vi‘debimus.
720 3003 721 3006 η

1481 3038 1562 3088 5⁶.
