1846 3250
223 150 324 199 390
346 165 349 167 ’
736 152 1181 207 ΤΠΑΟΤΑἸἮΘ
1238 197 1240 199 ψ

228 285 433 348 gistratu
460 294 513 334 ut
537 286 893 337 matrimonium
935 291 1094 340 valeat
1120 292 1277 357 quoad
1304 294 1478 352 civi-lia,
1504 304 1653 360 atque

230 364 285 400 ut
325 354 489 416 proles
526 353 609 403 sit
625 356 858 418 legitima.
927 361 998 407 At
1043 359 1158 423 ipsis
1204 377 1302 409 non
1346 362 1463 411 licet
1489 380 1653 411 coram

231 421 471 469 Ministris
510 422 751 473 haereticis
791 440 844 472 se
892 426 1077 485 sistere,
1115 429 1155 475 si
1192 429 1400 478 formula
1445 432 1505 478 ab
1552 430 1658 478 istis

232 487 471 536 Ministris
518 489 588 536 in
614 491 943 541 celebratione
991 495 1277 543 matrimonii
1327 498 1543 546 abhiberi
1580 512 1657 545 so-

230 555 345 613 lita,
365 555 434 603 sit
474 573 612 606 sacra
651 569 699 606 et
737 560 997 623 religiosa3
1031 562 1246 627 alioquin
1286 566 1497 628 graviter
1543 574 1660 630 pec'-

229 635 715 671 carent..
1263 669 1265 671 ,

307 692 496 747 Quoeres
539 664 616 740 2⁰·
672 710 732 741 an
788 696 982 758 quando
1022 697 1286 746 Catholici
1332 700 1522 753 eloco,
1577 698 1659 746 ubi

238 758 427 807 Cone-il.
466 761 600 808 Trid.
635 763 837 825 obligat,
874 765 1084 828 migrant
1126 765 1185 813 ad
1227 767 1391 814 locum
1438 768 1520 813 ubi
1566 782 1663 813 non

236 826 439 889 obligat,
477 839 734 877 teneantur
768 846 933 878 coram
977 832 1201 880 Parocho
1235 844 1285 881 et
1321 834 1523 882 testibus
1549 850 1664 881 con-

231 894 456 944 trahere.
446 896 468 923 '²

309 954 376 1010 P.
413 965 642 1030 nerrtatize,
680 966 788 1026 quia
816 966 1087 1014 Concilium
1116 984 1199 1016 eos
1223 969 1351 1016 solos
1377 969 1559 1033 obligat
1586 967 1668 1031 qui

239 1030 350 1083 loca
374 1005 595 1079 incolunt
635 1034 716 1079 ubi
755 1035 1116 1097 promulgatum
1156 1046 1245 1083 est.
1320 1008 1504 1084 Aliter12
1505 1047 1668 1098 tamen

240 1108 388 1154 esset,
415 1098 452 1144 si
479 1099 539 1145 ad
561 1099 711 1147 alium
737 1102 899 1148 locum
926 1102 1220 1150 diveiterent
1243 1103 1483 1151 duntaxat
1507 1104 1667 1154 animo

244 1164 310 1212 ibi
351 1165 654 1214 clandestine
695 1169 1031 1226 contrahendi,
1070 1187 1165 1217 non
1202 1187 1317 1218 vero
1358 1171 1673 1217 ibicommo-

248 1233 387 1281 randi
411 1235 696 1297 saltemtper
720 1246 912 1299 tempus
950 1237 1192 1299 sufficiens
1234 1237 1295 1284 ad
1320 1237 1671 1300 acquirendum

247 1300 561 1378 domicilium,
601 1302 662 1349 de
700 1319 796 1366 quo
846 1314 1016 1379 postea
1063 1305 1335 1367 loquemur.
1408 1306 1552 1353 Ratio
1599 1314 1674 1352 est

246 1367 357 1429 quia
381 1368 559 1417 nemini
584 1368 715 1417 fraus
741 1371 1033 1446 patrocinari
1058 1372 1309 1425 debet.

320 1436 514 1491 Quseres
539 1439 612 1484 30·
647 1454 707 1485 an
734 1439 996 1501 migrantes
1031 1440 1194 1488 eloco
1230 1438 1312 1488 ubi
1353 1456 1448 1487 non
1489 1439 1673 1500 obligat

249 1504 608 1562 'iridentinum,
645 1506 707 1552 ad
748 1506 913 1554 locum
950 1507 1032 1554 ubi
1069 1508 1272 1570 obligat,
1307 1508 1492 1571 possint
1514 1507 1674 1554 valide

250 1572 539 1631 contrahere
581 1573 762 1635 absque
809 1575 1067 1638 praesentia
1114 1575 1322 1623 Parochi
1369 1586 1419 1623 et
1466 1575 1672 1622 duorum

199 1688 202 1690 ,
246 1638 481 1688 testium?

242 1766 244 1768 r
322 1707 382 1754 R.
418 1710 679 1773 negative„
707 1709 819 1773 quia
859 1683 1150 1758 Itinerantes
1191 1709 1410 1773 Legibus
1452 1710 1671 1757 Iocorum

251 1774 332 1820 ubi
359 1787 609 1823 versantur
633 1776 852 1825 adstricti
875 1788 1019 1836 sunt,
1042 1787 1095 1827 ut
1131 1776 1295 1826 videre
1337 1787 1409 1825 est
1434 1776 1496 1822 in
1523 1777 1672 1824 Trac-

253 1851 356 1889 tatu
382 1842 447 1894 de
469 1843 707 1908 Legibus.
1078 1870 1080 1873 ·
1231 1883 1234 1885 v

324 1911 514 1966 Quoeres
564 1917 646 1960 40.
704 1913 1172 1962 *anal—{aereticorum
1219 1911 1537 1969 matrimonia,
1574 1928 1670 1959 non

251 1989 443 2025 servata
465 1979 621 2026 forma
645 1980 948 2038 Tridentina,
984 1996 1147 2029 coram
1192 1981 1417 2028 Ministro
1443 1979 1673 2027 haeretico

253 2045 329 2091 vel
353 2045 457 2094 sine
483 2046 688 2094 testibus
713 2049 976 2106 celebrata,
1013 2049 1107 2096 sint
1140 2048 1335 2096 valida?

323 2115 388 2161 R.
427 2130 485 2162 ea
525 2116 767 2179 conjugia,
795 2121 942 2178 juxta
980 2114 1499 2166 Tridentininecreti
1542 2124 1679 2162 teno-

256 2196 379 2238 rem,
413 2182 566 2229 videri
604 2183 813 2230 invalida
852 2184 908 2230 iis
949 2184 996 2230 in
1040 2184 1160 2231 locis
1201 2183 1282 2230 ubi
1307 2193 1560 2246 receptum
1604 2191 1678 2229 est

260 2248 447 2297 Concil.
474 2248 608 2296 Trid.
643 2250 755 2313 quia
787 2251 1038 2308 Haeretici,
1077 2267 1189 2298 cum
1231 2267 1319 2313 pet
1365 2266 1503 2297 suum
1550 2250 1676 2312 Bap-

257 2318 450 2371 tismum
477 2317 570 2364 sint
597 2317 838 2365 Ecclesiae
877 2319 977 2374 filii,
1015 2317 1336 2379 subjiciuntur
1372 2317 1499 2362 illius
1531 2317 1676 2378 Juris-

255 2383 476 2433 dictioni.
545 2387 779 2433 Attamen
822 2385 1085 2434 dicendum
1126 2394 1200 2432 est
1238 2400 1311 2440 ea,
1349 2393 1578 2445 quantum
1614 2382 1678 2430 ad

261 2465 566 2519 contractum
594 2453 802 2510 civilem,
839 2454 928 2501 nisi
971 2452 1135 2516 patriis
1158 2452 1380 2514 Legibus
1413 2451 1678 2506 irritentur,

261 2513 406 2569 ctiam
431 2522 479 2568 in
504 2521 625 2569 locis
649 2522 732 2568 ubi
757 2534 1009 2585 receptum
1037 2531 1110 2568 est
1136 2519 1493 2575 Tridentinum‚
1530 2518 1677 2565 tacite

260 2590 489 2637 Ecclesia
512 2590 856 2653 dispensante,
910 2600 963 2637 ut
1000 2587 1162 2635 multis
1204 2597 1489 2635 occurratur
1526 2586 1677 2640 malis,

260 2673 366 2704 esse
391 2657 565 2705 valida.
638 2657 778 2703 Non
792 2657 920 2705 enim
967 2653 1201 2718 permittit
1252 2654 1476 2702 Ecclesia
1523 2651 1679 2699 utini

261 2724 518 2779 Haeretici,
555 2724 616 2771 ad
645 2725 809 2772 Fidem
837 2723 1127 2772 catholicam
1155 2722 1392 2777 conversi,
1419 2714 1680 2768 convolent

262 2795 324 2841 ad
350 2793 466 2840 alias
484 2791 692 2855 nuptias,
710 2802 942 2839 eteorum
968 2791 1144 2837 liberos
1168 2788 1332 2844 habet
1342 2798 1395 2835 ut
1417 2785 1678 2849 legitimos.

261 2863 340 2908 Ita
379 2859 626 2924 Respondit
654 2854 1014 2907 Poenitentiaria
1038 2857 1261 2906 Romana
1283 2856 1531 2921 Episcopo
1565 2855 1682 2902 Cas·

263 2928 479 2977 torlessSl
1570 2952 1573 2954 “

1360 2987 1686 3039 Confirmatur
