1846 3250
594 184 689 233 DE
720 181 1217 249 ΑΜΑἹἮΙῑν-ΞΟΝΙΟ.
1286 168 1287 178 ’
1424 146 1428 152 ’
1514 185 1611 231 213

200 320 398 379 Adami,
431 326 622 386 propter
655 319 742 370 hoc
777 319 1002 385 relinquet
1050 319 1180 369 homo
1224 325 1403 382 patrem
1438 333 1566 366 suum
1593 337 1613 372 ,-

205 406 320 455 ergo
345 390 384 436 si
423 387 805 443 Matrimonium,
843 388 891 433 in
937 398 1102 435 mente
1142 386 1387 450 Apostoli,
1424 384 1616 449 signum

206 469 279 507 est
304 454 490 505 unionis
511 454 687 504 Christi
714 471 824 503 cum
860 454 1099 513 Ecclesia,
1145 455 1329 502 Gratiae
1370 453 1540 502 efficax
1565 464 1618 501 et

205 522 560 590 productivum,
599 538 899 585 consequens
936 533 1010 571 est
1045 522 1200 586 ipsum
1235 521 1412 570 Adami
1446 521 1620 569 Matri-

206 593 440 649 monium,
478 591 660 655 pariter
697 590 844 639 fuisse
875 589 1066 655 signum
1092 589 1279 637 unionis
1306 588 1483 639 Christi
1509 605 1622 637 cum
1658 630 1663 639 .

208 659 450 718 Ecclesia,
488 659 671 707 Gratiae
718 658 890 707 efficax
937 669 986 707 et
1027 657 1385 720 productivum,
1421 673 1507 705 seu
1538 673 1620 705 ve-

208 745 314 776 rum
338 728 485 776 fuisse
512 727 877 776 Sacramentum
899 744 912 775 2
948 725 1081 791 quod
1110 735 1274 773 tamen
1305 736 1450 774 antea
1474 740 1625 790 nega-

211 806 312 845 tum
339 806 427 844 est.
1225 818 1226 821 ¹

271 864 338 913 R.
364 881 465 928 neg.
488 872 582 912 ant.
610 871 655 912 et
677 863 777 913 dieo
814 861 952 912 verba
993 860 1143 910 Pauli
1162 861 1227 909 ad
1248 860 1479 910 Fidelium
1514 879 1623 911 con-

195 933 342 999 jugia
364 934 548 997 referri.
610 931 747 979 >Nam
777 931 847 978 1⁰·
870 932 1017 979 verba
1042 931 1222 979 Genes.
1246 927 1471 994 relinquet
1494 929 1628 979 homo

207 1009 386 1064 patrem
411 1008 455 1047 ec
477 1007 684 1054 matrem,
722 999 785 1047 de
826 998 952 1047 omni
988 996 1320 1054 Matrimonio‚
1346 996 1624 1062 intelligun-

214 1078 322 1122 tur;
358 1082 454 1113 non
496 1067 621 1116 enim
661 1066 785 1114 dixit
822 1066 1060 1122 Adamus,
1109 1083 1194 1131 ego
1232 1063 1504 1130 relinquam,
1540 1064 1627 1113 sed

215 1133 481 1193 indefinite,
520 1133 743 1200 relinquet
769 1135 916 1183 homo.
996 1136 1081 1182 20·
1119 1135 1244 1182 Haec
1269 1134 1417 1181 verba
1454 1133 1627 1181 Matri-

216 1202 376 1251 monio
425 1202 604 1251 Adami
640 1219 749 1250 cum
789 1203 894 1250 Eva
944 1201 1111 1251 stricte
1162 1217 1258 1250 non
1317 1202 1626 1258 conveniunt,

216 1286 327 1318 cum
376 1270 594 1318 Adamas
634 1281 822 1335 patrem
864 1280 912 1319 et
958 1280 1159 1319 matrem
1203 1284 1449 1333 nunquam
1485 1269 1630 1318 relin-

219 1353 367 1402 quere
398 1339 625 1402 potuerit,
664 1349 716 1386 ut
751 1339 1020 1387 adhaereret
1062 1338 1201 1387 uxori
1239 1352 1355 1395 suae,
1389 1337 1627 1400 siquidem

218 1406 374 1453 nullos
399 1416 623 1461 parentes
647 1405 829 1454 habuit.
897 1406 1054 1469 Igitur
1077 1408 1225 1455 verba
1254 1405 1505 1454 Geneseos
1528 1422 1627 1453 non

216 1473 466 1537 speciatim
492 1474 553 1521 de
581 1474 895 1521 Matrimonio
923 1474 1116 1531 Adami,
1154 1473 1241 1523 sed
1273 1473 1538 1537 generatim
1565 1474 1628 1522 de

219 1541 346 1588 omni
368 1542 591 1605 conjugio
616 1542 818 1605 intelligi
845 1542 1042 1590 debent.
1116 1546 1194 1590 30·
1222 1543 1271 1590 S.
1303 1542 1627 1598 Paulus,licet

222 1610 474 1658 Geneseos
510 1611 655 1657 verba
690 1609 884 1664 referat,
943 1626 1052 1672 quae
1099 1609 1325 1674 conjugio
1360 1609 1628 1674 generatim

220 1688 412 1741 sumpto
436 1693 493 1725 ac
518 1677 719 1741 proinde
743 1677 858 1740 ipsis
886 1677 1265 1727 Christianorum
1304 1677 1630 1728 Matrimoniis

220 1744 449 1810 applicari
474 1756 687 1808 possunt,
724 1745 1000 1808 specialiter
1023 1756 1183 1794 tamen
1221 1746 1269 1793 in
1294 1758 1457 1796 mente
1483 1747 1630 1795 habet

220 1813 446 1877 conjugia
472 1813 724 1870 Fidelium,
761 1814 1149 1877 quandoquidem
1193 1816 1405 1880 loquitur
1429 1814 1492 1863 de
1517 1815 1629 1862 Ma-

220 1882 444 1929 trimonio
481 1881 610 1947 quod
662 1897 900 1928 annexam
958 1882 1105 1930 habet
1156 1883 1339 1932 Gratiae
1377 1883 1630 1946 singularis

221 1948 584 2013 promissionem
611 1968 622 1996 ι
661 1950 843 1997 Gratiae
864 1948 1050 2006 sci-lieet,
1093 1949 1249 2013 inquit
1280 1952 1514 2008 Col-letus,
1542 1969 1631 2017 per

222 2033 357 2081 quam
404 2020 619 2081 conjuges
652 2015 939 2081 adimpleant
972 2017 1230 2081 impositam
1269 2020 1358 2068 sibi
1390 2019 1631 2083 obligatio-

225 2101 325 2132 nem
360 2085 514 2132 eadem
551 2101 599 2132 se
631 2084 857 2133 charitate
906 2085 1146 2149 diligendi,
1186 2105 1280 2152 qua
1318 2087 1528 2137 Christus
1562 2088 1633 2135 ‹li-

226 2151 336 2199 lexit
361 2151 613 2200 Ecclesiam
633 2171 652 2200 :
690 2168 795 2216 quae
837 2152 1029 2217 quidem
1063 2170 1238 2219 magna
1268 2166 1319 2204 et
1342 2165 1629 2219 supernatu-

225 2219 334 2267 ralis
371 2219 601 2283 obligatio
635 2220 762 2267 solos
800 2220 1007 2278 Fideles,
1056 2232 1108 2270 ut
1144 2223 1226 2288 qui
1259 2223 1347 2272 soli
1385 2222 1633 2274 Christum
1672 2283 1676 2286 Ι

225 2287 400 2344 norint,
437 2288 678 2352 respicere
703 2298 881 2352 potest.

298 2356 398 2418 obj.
435 2356 666 2404 2⁰.1deo
720 2356 1083 2405 Matrimonium
1135 2357 1259 2407 inter
1319 2360 1633 2409 Sacramenta

209 2433 524 2484 recensetur,
561 2425 668 2486 quia
708 2424 923 2472 Gratiam
967 2442 1198 2474 annexam
1225 2428 1385 2476 habet.
1475 2429 1631 2492 Atqui

227 2507 324 2538 non
349 2491 477 2539 valet
506 2491 587 2539 illa
610 2491 747 2540 ratio.
833 2493 1125 2559 Martyrium
1164 2496 1290 2542 eni-m
1333 2497 1514 2545 Matth.
1555 2501 1631 2545 10.

230 2561 310 2604 522.
350 2574 585 2609 annexam
631 2560 777 2609 habet
821 2562 995 2610 Gratiae
1028 2563 1407 2626 promissionem,
1445 2581 1537 2614 nec
1562 2575 1634 2612 ta·

230 2640 340 2673 men
362 2626 488 2674 inter
515 2627 825 2677 Sacramenta
847 2641 1140 2679 numeratur.
1599 2647 1603 2650 ·

300 2693 365 2740 R.
390 2711 492 2762 neg.
515 2704 612 2744 ant.
647 2696 754 2745 Nec
780 2697 906 2744 enim
948 2698 1009 2745 ad
1053 2699 1414 2750 Sacramentum
1457 2700 1631 2749 sufficit

234 2760 416 2809 Gratiae
440 2763 702 2826 promissiO,
728 2766 813 2813 sed
840 2781 1091 2815 necessum
1126 2779 1198 2817 est
1225 2779 1275 2817 ut
1299 2769 1360 2817 sit
1385 2770 1502 2818 ritus
1527 2785 1633 2817 sen-

234 2828 381 2877 sibilis
413 2845 441 2878 a
474 2830 665 2880 Christo
706 2832 950 2882 institutus
992 2835 1053 2883 ad
1101 2836 1324 2886 Gratiam*
1360 2837 1631 2901 significan-

234 2895 343 2943 dam
370 2907 417 2945 et
442 2897 821 2960 producendam,
857 2902 937 2965 qui
958 2905 1370 2954 constetmateria
1388 2916 1437 2953 et
1460 2904 1631 2961 forma,

233 2975 283 3011 et
307 2964 582 3027 perficiat-ur
606 2967 665 3017 ab
692 2968 926 3020 Ecclesiae
973 2972 1208 3022 Ministris
1233 2989 1342 3023 cum
1365 2971 1632 3020 intentione

1422 3039 1632 3091 faciendi
