1846 3250
264 160 375 226 5022
680 167 705 200 -’
728 165 1190 225 ‘TRAC—TVATUS

259 319 484 375 tempora
507 309 570 358 ad
587 308 885 358 orat-ionem
898 310 1192 396 cultumque
1217 296 1331 361 Deo
1366 310 1588 365 debitum
1612 316 1705 366 xie-³

259 378 489 427 cessaria.
1481 411 1486 416 -
1707 420 1714 426 .

332 442 527 502 Quceres
552 447 632 495 2⁰·
668 460 730 492 an
773 453 1035 493 teneantur
1076 431 1311 510 conjuges
1336 447 1505 497 certis
1523 449 1702 501 diebus}

258 513 319 595 ab
346 529 437 561 usu
461 512 769 562 matrimonii
780 512 1089 560 abstinere?
1277 551 1280 553 >

292 581 389 630 R.
414 583 497 628 10·
518 580 864 633 adhortandos
890 596 996 629 esse
1023 581 1260 644 conjuges
1286 591 1359 629 ut
1383 539 1561 633 diebus
1583 602 1691 636 ora-

255 647 374 697 tioni
401 648 716 705 consecratis,
754 642 926 695 diebus
962 663 1006 695 v.
1036 665 1099 712 gv
1119 647 1307 696 festivis
1344 660 1394 699 et
1418 651 1700 714 dominicis,

252 731 281 764 a
316 716 401 764 tali
441 732 532 764 usu
559 725 850 794 temperent,
884 720 1033 776 Juxta
1072 715 1195 763 illud
1224 718 1499 779 Apostoli:
1525 721 1697 771 Nolite

230 784 524 848 fraudare
505 785 714 839 znvicem,
758 784 850 832 nisi
869 786 1012 848 forle
1051 800 1109 832 ex
1142 800 1369 834 consensu
1408 787 1505 835 ad
1517 795 1713 855 tempus,

252 860 304 900 ut
326 853 499 901 vacetis
520 852 740 901 oratzoni.

322 918 388 967 R.
415 920 495 966 20.
532 936 629 966 non
654 919 810 967 solum
851 926 946 966 non
985 933 1197 982 peccare
1224 924 1483 984 conjugem
1508 921 1697 987 quibis

252 985 425 1035 diebus
459 987 678 1036 debitum
703 986 884 1044 reddit,
915 986 1019 1034 imo
1044 998 1298 1048 peccare,
1311 988 1353 1035 si
1393 1005 1488 1036 non
1516 990 1691 1041 reddat

251 1054 378 1102 serio
411 1064 460 1103 et
486 1055 633 1103 enixe
658 1054 864 1119 petenti,
901 1062 955 1101 ut
992 1053 1106 1101 satis
1130 1064 1269 1125 patet
1305 1065 1355 1103 et
1379 1056 1694 1147 praelaudatis

253 1121 503 1186 Apostoli
520 1123 698 1179 verbis,
763 1121 907 1170 nolite
946 1122 1198 1183 fraudare,
1250 1126 1341 1170 &c
1459 1125 1691 1187 Aliunde,

250 1188 473 1238 debitum
500 1189 831 1254 denegandO,
846 1188 1215 1238 incontinentiae
1237 1189 1461 1255 periculo
1487 1208 1689 1243 consor-

249 1266 349 1305 tem
376 1269 667 1335 exponeret:

318 1325 384 1373 R.
410 1329 483 1373 30·
540 1326 723 1374 sentire
786 1323 968 1372 multos
1010 1324 1300 1402 Theologos
1364 1335 1475 1389 post
1521 1326 1687 1398 plures

249 1391 492 1441 Ecclesiae
520 1394 708 1449 Patres,
747 1397 1009 1454 conjugem
1035 1393 1116 1456 qui
1145 1393 1317 1441 diebus
1341 1393 1543 1453 festiviS‚
1562 1410 1689 1459 prae-·

246 1461 414 1508 sertim
457 1460 846 1515 solemnioribus,
885 1460 1105 1508 debitum
1150 1460 1288 1524 petit,
1313 1476 1554 1524 peccare,
1592 1463 1681 1512 sed

247 1528 503 1576 venialiter
528 1539 735 1586 tanturn,
772 1527 862 1575 nisi
898 1538 1157 1591 peccatum
1186 1544 1249 1576 ex
1288 1529 1689 1589 circumstantiiS‚

243 1612 290 1643 v.
315 1613 364 1657 g.
391 1612 456 1643 ex
481 1606 770 1660 contemptu
796 1595 1029 1660 temporis
1054 1596 1195 1644 sacri
1193 1596 1281 1644 vel
1318 1596 1416 1644 aiio
1449 1614 1683 1660 perverso

245 1659 389 1777 fine,7
389 1664 594 1706 mortale
620 1663 719 1711 fiat.
788 1664 896 1710 Imo
921 1663 1115 1726 Sylvius
1140 1664 1325 1712 docet'
1313 1680 1360 1710 ΞΞΞ
1383 1668 1428 1711 3.
1460 1682 1508 1728 p.
1531 1682 1577 1728 q.
1600 1668 1686 1714 80.

241 1733 332 1776 art.
367 1724 714 1791 apetitionem
741 1726 876 1775 hisce
898 1730 1075 1774 diebus
1098 1745 1197 1774 non
1232 1746 1338 1776 esse
1363 1732 1678 1792 culpabilem,

242 1793 280 1844 si
306 1801 455 1843 causa
479 1794 627 1859 prolis
670 1809 762 1842 nec
806 1794 905 1841 ullo
944 1793 1040 1841 fine
1081 1794 1370 1843 deordinato
1405 1795 1506 1851 fiat.
1579 1798 1693 1846 Sed>

239 1863 410 1940 negari
448 1878 544 1910 non
584 1872 747 1927 potest
790 1862 905 1926 quin
947 1862 1119 1910 saltem
1159 1861 1243 1909 iila
1283 1863 1344 1910 sit
1368 1862 1604 1914 indecens
1629 1878 1680 1915 et

241 1927 426 1995 aliquid
450 1930 631 1979 habeat
656 1930 844 1979 dierum
870 1930 1064 1978 illorum
1087 1930 1335 1978 sanctitati
1362 1946 1540 1995 parum
1561 1946 1678 1981 con-

241 2015 437 2065 gruum.

313 2066 505 2123 Quoeres
546 2068 627 2114 30·
663 2081 722 2113 an
773 2065 857 2130 qui
896 2063 1211 2113 matrimonio
1251 2080 1365 2113 usus
1410 2066 1575 2127 fuerit,
1613 2068 1703 2117 ad.

237 2149 426 2183 sacram
451 2132 673 2201 synaxim
700 2132 833 2181 licite
860 2133 1101 2181 accedere
1128 2131 1320 2195 possit?

306 2201 374 2250 R.
405 2202 559 2249 multo
584 2201 842 2250 decentius
869 2216 974 2248 esse
1002 2210 1056 2249 ut
1085 2200 1340 2248 abstineat.
1415 2199 1465 2249 Si
1491 2210 1672 2260 tamen,

234 2268 393 2334 inquit
420 2268 631 2333 Sylvius,
670 2274 700 2295 ‘⁴
720 2268 779 2316 sit
806 2273 941 2329 justa
960 2269 1122 2331 aliqua
1147 2284 1293 2317 causa
1319 2284 1408 2316 cur
1425 2268 1499 2316 his
1525 2269 1670 2318 etiam

234 2337 469 2384 “diebus
510 2336 684 2400 quibus
721 2335 1028 2383 matrimonio
1068 2351 1181 2382 usus
1225 2346 1313 2392 est,
1355 2336 1668 2385 Communio

236 2409 268 2433 ‘⁴
294 2420 407 2452 nem
432 2399 595 2460 adeat,
633 2413 687 2450 ut
710 2402 824 2450 festi
844 2401 1138 2459 salemnitas,
1165 2401 1269 2449 dies
1290 2401 1560 2450 devotionis
1567 2438 1667 2453 ......

234 2478 266 2500 ‘⁴
292 2469 474 2535 poterit
497 2471 537 2518 is
553 2470 829 2534 praesertim
867 2470 948 2533 qui
985 2479 1172 2517 tantum
1212 2468 1440 2528 reddidit,
1479 2470 1541 2518 ad
1569 2470 1672 2519 Eu-

233 2545 266 2569 “
293 2538 570 2588 charistiam
612 2537 853 2586 accedere
878 2538 1063 2600 absque
1090 2537 1200 2584 ulla
1225 2537 1415 2600 culpa3
1437 2547 1488 2585 et
1517 2554 1671 2603 quana

232 2612 267 2637 ⁴⁴
293 2599 456 2672 doque
483 2606 626 2654 etiarn
654 2606 736 2670 qui
758 2604 901 2669 petit,
939 2604 976 2651 si
1003 2603 1143 2668 petiit
1169 2619 1316 2652 causa
1334 2604 1498 2668 prolis,
1569 2607 1666 2659 Qui

232 2679 267 2706 ⁴⁴
293 2689 411 2723 vero
436 2673 690 2722 venialiter
716 2671 924 2736 deliquit
972 2671 1035 2718 in
1058 2672 1293 2736 petendo,
1313 2686 1443 2735 saepe
1466 2671 1667 2720 veniali—

231 2749 265 2774 ‘⁴
291 2752 380 2790 ter
412 2741 658 2806 peccabit,
719 2740 896 2788 eodem
951 2739 1030 2787 die
1090 2738 1522 2816 communicando,
1572 2740 1665 2787 nisi

230 2815 263 2839 ‘⁴
289 2825 449 2858 causae
473 2809 649 2873 aliquae
672 2807 984 2855 rationabiles
1001 2805 1330 2854 indecentiam
1344 2805 1625 2855 resarciant.
1629 2808 1662 2833 '’

232 2880 495 2934 Caeterum,
520 2875 649 2924 sicut
679 2891 773 2923 nec
814 2875 909 2922 diei
949 2873 1247 2931 solemnitas,
1283 2872 1354 2921 sic
1395 2889 1490 2922 nec
1516 2875 1664 2923 Com-

225 2945 408 3006 munio
416 2954 621 2992 excusat
663 2958 692 2990 a
726 2941 1002 2992 redditione
1030 2941 1199 3002 debiti,
1236 2940 1277 2991 si
1321 2940 1489 2991 dilatio
1526 2958 1659 2992 com-

227 3014 354 3079 parti
378 3002 572 3063 suaderi
597 3027 694 3061 non
720 3019 899 3077 potest.
