1846 3250
222 146 319 194 120
727 146 1154 196 TRACTATUS

289 282 353 353 R.
384 285 442 329 1⁰·
491 279 780 329 levissimam
819 299 924 331 esse
952 283 1235 331 Graecorum
1274 282 1632 334 auctoritatem,

222 365 287 396 ex
328 366 424 411 quo
463 359 683 415 tempore
722 367 834 399 cum
878 350 1103 399 Ecclesia
1145 351 1387 400 catholica
1426 349 1634 399 schisma

219 417 462 465 fecerunt.
667 435 669 437 ’

290 487 369 532 20·
422 485 535 533 Non
574 485 830 535 diffitemur
871 486 1192 534 Recentiores
1234 487 1464 549 quosdam
1505 483 1631 531 inter

221 552 351 617 ipsos
378 553 721 603 Ordinationes
748 556 1105 603 Haereticorum
1144 572 1232 616 pro
1257 555 1400 603 nullis
1438 553 1633 601 habere.

225 622 296 669 At
319 620 368 667 in
393 638 452 670 eo
477 638 571 670 non
598 633 783 670 tantum
810 640 837 670 a
861 623 999 670 nobis
1032 623 1339 680 dissiderunt,
1377 622 1463 670 sed
1489 621 1633 669 etiam

224 705 254 736 a
279 689 537 752 majoribus
562 691 659 739 suis
683 690 987 739 defecerunt.

292 760 371 805 30·
410 759 639 806 Testatur
681 759 872 822 quidem
911 757 1158 807 Cabasilas
1196 776 1224 807 a
1264 759 1504 806 nonnullis
1546 759 1638 806 ite-

224 835 353 875 ratas
376 825 525 874 fuisse
549 827 834 883 Latinorum
862 827 1220 874 Ordinationes.
1263 826 1444 875 Verum
1471 825 1520 874 id
1544 842 1638 874 nec

227 895 288 942 ab
330 910 389 942 eo
427 895 676 959 probatur,
713 912 806 944 nec
848 896 908 943 ab
951 895 1054 943 aliis
1080 912 1200 959 quos
1237 911 1266 942 a
1302 912 1354 943 se
1391 895 1650 952 consultos,

228 961 395 1011 refert.

294 1035 374 1078 40·
411 1030 524 1079 Non
548 1031 724 1079 desunt
760 1030 889 1094 apud
915 1031 1041 1094 ipsos
1069 1031 1284 1086 GraecOS‚
1323 1030 1404 1094 qui
1442 1029 1640 1078 Latino-

225 1114 332 1145 rum
354 1099 696 1148 Ordinationes
720 1110 847 1147 ratas
868 1100 1094 1153 habeant,
1120 1110 1173 1146 ut
1197 1110 1330 1162 patet
1356 1099 1639 1146 testimoniis

226 1166 469 1215 Demetrii
507 1167 812 1225 Chomateni,
848 1168 992 1216 Joan.
1019 1167 1139 1216 Citri
1172 1167 1402 1231 Episcopi
1441 1168 1500 1214 ab
1535 1166 1640 1230 ipso

228 1234 426 1282 Morino
451 1246 576 1299 part.
609 1240 649 1282 1.
674 1251 718 1283 c.
750 1240 792 1282 l.
830 1252 879 1282 n.
903 1240 951 1283 4.
986 1245 1035 1281 et
1061 1237 1107 1281 6.
1143 1235 1323 1283 relatis.

284 1302 410 1366 Obj.
436 1303 540 1350 11⁰.
561 1304 765 1351 Veteres
786 1303 1068 1365 Theologiae
1088 1302 1328 1365 Magistri,
1353 1301 1644 1351 Guillelmus

233 1369 531 1429 Parisiensis,
571 1372 849 1431 Gratianus,
890 1370 1130 1433 Magister
1165 1371 1522 1420 Sententiarum
1550 1370 1647 1417 Or-

232 1438 505 1488 dinationes
531 1439 887 1488 Haereticorum
914 1456 1001 1502 pro
1026 1435 1168 1486 nullis
1191 1426 1479 1487 habuerimt.

301 1507 369 1555 R.
403 1507 549 1570 longe
586 1507 845 1555 maximam
871 1508 912 1554 Γ
918 1508 1148 1569 heologoi
1154 1520 1231 1554 utu
1265 1517 1448 1570 partem
1475 1505 1648 1553 Haere-

233 1573 443 1621 ticorum
469 1575 813 1623 Ordinationes
837 1575 1018 1622 validas
1057 1574 1336 1622 credidisse.
1393 1576 1470 1622 Ita
1496 1575 1648 1637 Hugo

235 1642 535 1700 Victorinus,
574 1643 820 1695 Robertus
848 1643 1031 1699 Pullus,
1071 1642 1427 1705 Praepositivus‚
1462 1643 1654 1690 Rober-

235 1719 315 1759 tus
335 1709 397 1757 de
417 1709 801 1775 Flammesburg,
826 1710 1110 1759 Alexander
1128 1710 1372 1767 Halensis,
1401 1711 1651 1774 Raymun-

239 1778 331 1826 dus
373 1779 565 1835 Scotus,
605 1778 654 1826 S.
681 1779 909 1835 Thomas,
964 1778 1013 1825 S.
1053 1778 1409 1833 Bonaventura,
1460 1788 1511 1825 et
1545 1776 1651 1823 uni-

239 1845 365 1894 versi
393 1846 634 1910 Theologi
659 1847 718 1894 ab
740 1846 879 1894 annis
905 1845 1283 1909 quadringentis,
1319 1845 1507 1893 fatente
1533 1845 1647 1891 Mo-

240 1913 362 1962 rino.
423 1915 606 1963 Favent
630 1914 777 1979 igitur
802 1915 940 1962 nobis
965 1913 1204 1977 Theologi
1229 1923 1435 1969 veteres,
1471 1912 1652 1960 nedum

243 1981 576 2031 adversentur.
788 2022 790 2024 ,
1647 2013 1653 2023 ψ.

313 2050 461 2101 Addo
486 2066 570 2099 eos
606 2066 874 2127 perpaucos
899 2049 983 2113 qui
1018 2050 1156 2097 nobis
1191 2058 1517 2126 opponuntur,
1553 2063 1656 2095 sus-

244 2134 421 2181 pensos
447 2129 496 2166 et
521 2118 757 2195 ancipites
781 2120 1010 2166 mansisse
1036 2128 1084 2165 et
1111 2135 1138 2165 a
1162 2133 1214 2165 se
1239 2117 1445 2164 invicem
1471 2116 1655 2163 dissen-

246 2186 380 2233 sisse.
452 2186 533 2234 Sic
568 2186 775 2249 ipsemet
811 2186 1051 2248 Magister
1090 2186 1463 2240 Sententiarum,
1500 2183 1582 2231 lib.
1608 2187 1656 2230 4.

248 2254 359 2302 dist.
383 2255 462 2301 25.
498 2254 663 2303 scribit
701 2255 1014 2319 quaestionem
1039 2253 1164 2300 hane
1188 2254 1469 2316 perplexam
1504 2266 1561 2298 ac
1585 2250 1657 2296 in-

249 2322 503 2372 solubilem
533 2338 656 2371 esse.

259 2457 528 2506 Solvuntur
555 2457 837 2521 Olqjectz'oms
870 2474 927 2505 ex
955 2454 1353 2515 ,Ordinationibus
1381 2452 1662 2501 Schismati-

779 2542 941 2573 corum
965 2526 1141 2588 petitae.

332 2661 555 2724 0bj.10·
606 2662 832 2726 Synodus
874 2660 1090 2715 Nicaena,
1128 2668 1244 2705 tom.
1282 2658 1328 2706 2.
1364 2656 1579 2713 Labbaei‚
1615 2674 1664 2720 p.

259 2730 373 2777 250.
408 2729 577 2776 statuit
603 2728 820 2778 Clericos
850 2745 879 2776 a
903 2726 1108 2775 Meletio
1134 2725 1441 2773 schismatico
1477 2724 1667 2771 ordina·

259 2806 336 2844 tos
370 2812 467 2844 non
503 2811 610 2843 esse
647 2796 695 2842 in
720 2795 818 2844 suis
860 2795 1027 2844 officiis
1064 2793 1407 2871 relinquendos
1444 2792 1533 2840 nisi
1557 2801 1667 2856 post

260 2864 458 2913 iteratas
483 2879 648 2912 eorum
678 2862 1053 2911 Ordinationes.
1101 2860 1190 2908 Illi
1213 2879 1337 2919 zero,
1373 2860 1544 2924 inquit,
1582 2859 1668 2921 qui

259 2949 293 2978 a
316 2931 505 2981 Meletio
529 2934 581 2980 in
604 2946 793 2979 sacrum
827 2931 1053 2978 Ordinem
1077 2929 1181 2977 lecti
1202 2938 1328 2991 sunt,
1364 2927 1510 2977 simul
1526 2933 1667 2987 atque

1440 2995 1669 3042 sanctiore
