1846 3250
1483 0 1846 12 ἡ-----------ι-ιι-

652 172 748 220 DE
788 169 1080 220 ORDINE.
1513 174 1576 228 37

163 311 489 361 Conciliorum
513 307 822 365 auctoritate,
857 316 951 355 'nec
995 308 1097 355 ullo
1134 307 1228 355 alio
1258 307 1578 366 fundamento

166 382 382 428 fulcitur.

233 448 307 495 30.
333 445 462 500 Quia
485 446 609 493 male
635 443 845 493 consulit
870 442 1108 491 Ecclesiae
1135 443 1308 494 unitati
1333 462 1442 509 quae
1465 461 1574 510 pos·

164 517 319 574 tulare
344 515 533 562 videtur
552 525 605 561 ut
627 512 818 561 Fideles
844 528 1011 560 omnes
1035 514 1137 561 sive
1163 512 1453 562 Occidentis
1476 513 1578 564 sive

166 584 381 632 Orientis
405 600 553 630 unum
579 582 673 630 sint
697 581 797 629 sive
832 580 879 626 in
908 580 1043 637 Fide,
1080 581 1180 629 sive
1216 582 1264 628 in
1293 582 1579 631 Sacramen-

163 653 242 710 tis,
279 652 403 700 adeo
429 661 483 699 ut
518 667 638 699 unus
674 650 896 698 adversus
924 648 1065 697 alium
1108 668 1198 698 non
1233 650 1440 714 infletur,
1488 667 1582 709 nec

159 721 299 770 vdicat
315 738 406 786 -ego
429 737 527 768 sum
557 719 737 784 Cephae,
774 735 857 783 ego
880 724 1033 764 autem
1058 717 1223 767 Pauli.
1251 723 1293 767 1.
1331 720 1443 767 Cor.
1468 723 1516 767 4.

236 793 318 838 4⁰.
346 790 424 837 Ex
449 787 662 835 novitate
705 786 947 835 Harduini
988 797 1274 847 sequeretur
1309 787 1585 837 Ecclesiam

169 857 548 913 Antiochenam,
585 872 693 919 quae
727 871 756 902 a
800 854 849 902 S.
875 855 1023 902 Petro
1045 854 1250 903 fundata
1274 865 1371 911 est„
1413 856 1591 913 Ritum

169 926 329 975 eid-em
356 926 504 973 Petro
527 924 755 984 divinitus
789 922 1121 987 praescriptum
1157 923 1295 988 sequi
1343 923 1587 974 debuisse.

155 989 314 1042 -Idem
352 993 615 1041 dicendum
656 1001 731 1039 est
768 992 830 1040 de
857 990 1081 1039 Ecclesia
1115 991 1453 1041 Alexandrina
1476 1008 1505 1042 a
1532 993 1582 1043 S.

169 1063 345 1111 Marco
373 1061 505 1109 Petri
532 1060 788 1123 Discipulo
812 1058 1050 1118 instituta,
1086 1076 1146 1108 ac
1182 1061 1250 1109 de
1270 1061 1457 1109 caeteris
1483 1079 1585 1110 om-

170 1132 314 1179 nibus
335 1129 569 1178 Ecclesiis
590 1129 782 1192 utrique
799 1127 867 1174 illi
885 1128 1126 1192 Apostolo
1144 1129 1392 1192 subJectis.
1429 1130 1587 1195 Atqui

168 1199 270 1247 istae
319 1195 487 1247 omnes-
533 1197 770 1244 Ecclesiae
818 1207 1104 1245 constanter
1160 1209 1475 1246 servaverunt
1526 1215 1586 1247 ac

173 1268 433 1316 etiamnum
459 1276 652 1314 servant
677 1266 902 1314 eumdem
925 1265 1091 1313 Ritum
1115 1283 1259 1330 quem
1285 1277 1471 1315 caeterae
1490 1268 1588 1315 Ec-

173 1335 628 1389 clesiae·0rienta1es‚
655 1350 713 1381 ac
732 1333 971 1381 diversum
998 1350 1027 1381 a
1053 1334 1172 1382 Ritu
1194 1334 1588 1385 Occidentalium

154 1420 319 1465 quem·
345 1403 394 1452 S.
420 1402 819 1450 Petrotraditum
844 1400 1014 1449 asserit
1051 1402 1353 1450 Harduinus.

597 1535 1039 1586 PROPOSITIO.
1077 1538 1181 1585 111.

179 1676 280 1724 Nec
303 1671 708 1724 instrumentorum
719 1672 965 1738 porrectio,
989 1691 1068 1721 nec
1081 1673 1247 1739 capitis
1270 1682 1352 1723 aut
1377 1692 1593 1725 manuum

241 1743 394 1792 unctio
429 1760 517 1807 pro
553 1740 790 1791 essentiali
827 1741 1148 1792 Ordinationis
1183 1743 1380 1792 materia
1427 1745 1591 1794 debent

244 1811 418 1860 haberi.

249 1946 397 1996 Prob-
441 1948 499 1993 10.
537 1945 665 1999 Quia
702 1961 795 1993 nec
822 1944 1075 2008 Scriptura
1116 1962 1208 1994 nec
1236 1947 1471 2006 Traditio,
1511 1950 1594 1998 ubi

186 2016 249 2063 de
289 2014 439 2062 sacris
464 2011 862 2061 ordinationibus
887 2013 1063 2077 agit-ur,
1100 2014 1163 2062 de
1202 2015 1260 2063 iis
1298 2018 1596 2075 caeremoniis

183 2084 330 2131 ullam
372 2082 668 2128 mentionem
707 2081 910 2129 faciunt.
989 2083 1142 2146 Atqui
1178 2093 1340 2131 tamen
1376 2085 1413 2132 si
1453 2086 1597 2135 Ritus

182 2151 252 2198 illi
288 2150 488 2197 formam
515 2149 845 2197 Ordinationis
887 2150 1188 2198 essentialem
1227 2152 1598 2213 constituerent,

171 2219 355 2283 procul
382 2217 529 2265 dubio
558 2216 808 2281 Scriptura
832 2227 882 2266 et
905 2218 1100 2281 antiqua
1125 2220 1345 2269 Traditio
1374 2233 1599 2271 constan-

188 2300 263 2335 ter
288 2287 348 2335 de
375 2286 429 2332 iis
454 2302 550 2333 non
574 2285 833 2334 siluissent.
1414 2341 1416 2343 ,

258 2358 323 2401 2⁰·
363 2354 490 2407 Quia
515 2354 704 2401 illorum
733 2354 935 2403 Rituum
963 2372 1075 2403 usus
1092 2372 1184 2404 nec
1204 2366 1277 2405 est
1296 2356 1442 2405 hodie
1468 2359 1613 2422 apud'

191 2423 408 2478 Graecos,
443 2439 533 2470 nec
557 2422 701 2469 etiam
728 2423 868 2487 >apud
892 2424 1093 2472 Latinos
1131 2441 1217 2487 per
1241 2426 1412 2473 decem
1441 2428 1602 2489 priora

190 2490 424 2539 Ecclesiae
448 2490 614 2538 secula
636 2490 785 2539 fuisse
822 2491 1218 2554 deprehenditur.
1290 2494 1373 2542 De
1397 2493 1489 2542 illis
1517 2496 1602 2543 Ri-
1645 2493 1648 2495 ’

192 2559 320 2610 tibus
346 2556 487 2605 silent
511 2558 694 2622 antiqui
735 2558 1005 2622 Scriptores
1048 2560 1386 2609 ecclesiastici.
1456 2564 1603 2613 Unde

154 2633 157 2636 “
178 2626 227 2672 ἐἰ
258 2622 400 2673 Ritus
424 2626 491 2673 illi
516 2627 674 2674 forent
695 2643 846 2675 sacrae
872 2628 1180 2676 Ordinationi
1205 2630 1504 2689 essentiales,
1530 2617 1605 2679 (Ῐῖ-

195 2694 401 2741 cendum
445 2705 573 2742 esset
614 2696 769 2743 nullas
813 2712 1024 2758 unquam
1063 2696 1210 2745 fuisse
1248 2698 1379 2761 apud
1404 2699 1603 2747 Graecos

197 2760 554 2814 Ordinationes,
591 2779 649 2809 ac
675 2764 867 2811 easdem
907 2764 1035 2826 apud
1061 2765 1262 2814 Latinos
1302 2783 1389 2828 per.
1429 2767 1603 2815 decem

171 2828 366 2891 priora„
402 2831 579 2878 saecula
625 2830 771 2879 fuisse
812 2830 1062 2880 invalidas.
1156 2834 1216 2881 Id
1265 2845 1426 2883 tamen
1461 2851 1604 2883 nemo

198 2895 561 2945 Catholicorum
587 2898 777 2947 dixerit.
799 2909 803 2911 ”
1061 2911 1063 2913 ’
1323 2925 1325 2927 ·

251 2966 331 3010 3⁰·
382 2963 562 3013 Partes
597 2966 897 3017 Sacramenti
945 2968 1225 3019 essentiales
1273 2969 1454 3017 debent
1501 2986 1607 3019 esse

1327 3047 1606 3088 constantes
