1846 3250
557 147 652 197 DE
689 146 978 198 ORDINE.
1414 149 1509 200 157

100 295 234 335 retur
258 285 317 333 ab
329 281 600 348 EpiscopiS,
622 298 717 331 non
744 295 873 333 esset
890 282 1116 344 Ecclesia
1141 282 1253 331 Dei.
1293 282 1509 332 Aliunde

103 371 214 403 cum
254 350 479 401 Ecclesia
516 367 612 398 non
649 352 798 414 possit
847 368 953 400 esse
994 352 1097 400 sine
1145 351 1509 407 Sacerdotibus,

103 430 293 486 opertet
311 419 582 467 necessario
607 435 712 468 esse
737 419 1009 484 Episcopis,
1046 418 1217 483 quibus
1242 419 1354 468 solis
1378 437 1509 468 com-

101 489 225 554 petit
251 487 541 536 Sacerdotes
569 487 754 551 Populo
778 487 1041 536 christiano
1067 504 1372 538 consecrare

169 563 237 604 At
261 555 440 603 saeculo
464 554 683 619 proxime
711 556 876 619 elapso
902 566 1263 604 controversum
1288 567 1360 604 est
1384 554 1509 604 inter

102 624 316 675 Jesuitas
355 625 584 686 quosdam
624 634 672 672 et
705 623 1013 672 Stellisonum
1042 624 1255 686 Anglum
1297 639 1356 671 an
1399 639 1505 672 esse

101 702 245 756 queat
269 692 488 755 quaedam
528 691 783 754 peculiaris
826 691 1051 740 Ecclesia
1086 708 1148 739 ex
1186 691 1331 739 omini
1368 704 1506 756 parte

96 761 334 826 perfecta,
371 760 450 808 cui
484 759 707 825 proprius
743 776 841 809 non
867 760 929 808 sit
954 758 1245 824 Episcopus.

595 962 1039 1014 PROPOSITIO.

101 1135 247 1185 Nulla
272 1142 338 1185 est
363 1133 567 1185 Ecclesia
591 1150 693 1201 quoe
727 1151 892 1251 prbopi
877 1153 921 1185 zo
961 1152 1053 1185 non
1082 1134 1242 1186 debeat
1282 1135 1510 1201 Episcopo

166 1241 168 1243 ,
718 1221 769 1252 su
782 1221 892 1268 μοι.

119 1348 121 1352 ¹
166 1368 315 1418 Proh.
345 1372 419 1417 10·
434 1339 562 1435 Act.
585 1369 665 1417 20.
704 1369 911 1434 Spiritus
928 1371 1122 1418 Sanctus
1138 1370 1294 1434 posuit
1312 1369 1506 1434 Episco-

12 1435 16 1440 ’
96 1454 160 1501 7³0
201 1454 360 1502 regere
403 1436 652 1486 Ecclesiam
697 1437 812 1486 Dei.
885 1435 1018 1500 Ergo
1061 1436 1290 1501 Episcopi
1333 1453 1503 1486 neces-

102 1504 209 1552 sarii
235 1516 346 1554 sunt
369 1505 430 1553 ad
463 1505 678 1568 regimen
702 1504 997 1568 singularum
1025 1504 1371 1561 Ecclesiarurn‚
1409 1522 1507 1553 non

103 1573 218 1623 vero
243 1583 429 1622 tantum
471 1574 531 1621 ad
569 1572 859 1620 ordinandos
892 1572 1128 1621 Ecclesiae
1151 1572 1420 1628 Ministros,
1456 1584 1510 1621 ut

104 1641 464 1695 contendebant
490 1639 691 1691 Jesuitae
716 1651 885 1689 contra
914 1639 1240 1689 Stellisonum.

119 1749 122 1757 i
169 1711 249 1757 20·
286 1709 336 1757 S.
366 1708 633 1773 Cyprianus
657 1707 812 1773 Epist.
830 1710 911 1757 59.
922 1707 1057 1758 Scire
1079 1708 1210 1757 debes
1232 1709 1511 1774 Episcopum

101 1777 150 1824 in
193 1777 398 1851 Ecclesia
438 1793 533 1826 esse
572 1775 824 1826 Ecclesiam
869 1778 919 1824 in
960 1777 1206 1842 Episcopo,
1244 1784 1286 1825 et
1322 1778 1364 1825 si
1407 1779 1508 1842 quis

102 1861 203 1892 cum
229 1843 456 1910 Episcopo
474 1862 566 1894 non
589 1846 667 1901 sit,
703 1844 752 1892 in
776 1843 984 1892 Ecclesia
1003 1861 1092 1892 non
1116 1861 1227 1892 esse.

116 1954 121 1962 .
173 1912 334 1960 Vide
323 1928 516 1974 insuper
542 1905 843 1960 Clementem
869 1912 1142 1962 Romanum
1168 1927 1509 1960 successorem

107 1980 253 2027 Petre
278 1983 319 2025 1.
343 1979 404 2027 ad
430 1980 543 2028 Cor.
570 1980 651 2025 42.
693 1978 934 2040 Ignatium
962 1979 1231 2043 Martyrem
1257 1979 1319 2027 ad
1345 1979 1505 2043 Ephe

107 2062 213 2099 seos
239 2062 283 2092 n.
321 2049 367 2093 3.
404 2046 467 2094 ad
493 2046 764 2110 Smyrnaeos
804 2062 850 2093 n.
880 2050 927 2095 8.
953 2045 1308 2111 Hieronymum
1339 2059 1511 2096 contra

105 2112 456 2164 Luciferianos.
1283 2175 1285 2178 v

115 2219 126 2223 -
175 2184 254 2230 30·
290 2182 524 2230 Doctrina
547 2180 852 2245 praefatorum
872 2181 1166 2230 Jesuirarum
1191 2183 1508 2232 asserentium

108 2249 470 2300 Ordinationem
493 2250 902 2314 Praesbyterorum
928 2261 977 2298 et
1002 2250 1334 2298 Ministrorum
1359 2253 1512 2300 solam

108 2333 442 2369 esseroausarn
479 2334 586 2383 quae
631 2317 776 2366 infert
813 2318 1151 2367 necessitatem
1195 2319 1442 2383 Episcopi,
1479 2337 1510 2367 a

108 2385 252 2434 Clero
277 2385 531 2435 Gallicano
566 2396 615 2434 et
651 2402 789 2434 sacra
825 2385 1071 2434 Facultate
1109 2387 1365 2440 Parisiensi,
1397 2404 1510 2450 pro-

104 2453 285 2517 scripta
308 2465 381 2501 est
407 2466 458 2502 ut
492 2453 628 2511 falsa,
666 2452 861 2501 Ordinis
887 2453 1171 2502 hierarchici
1191 2454 1506 2514 destructiva,

107 2535 324 2575 erronea,
359 2523 505 2569 verbo
531 2522 626 2573 Dei
651 2521 907 2569 contraria.

178 2586 308 2636 Hinc
332 2588 369 2635 si
405 2589 626 2666 quaedam
657 2589 880 2639 Ecclesia
916 2587 1171 2652 peculiaris
1205 2600 1404 2666 propter
1438 2590 1509 2638 in-

111 2666 361 2716 gruentem
388 2657 772 2718 persecutionem
809 2657 884 2705 vel
909 2668 1111 2705 mortem
1148 2659 1220 2705 sui
1244 2659 1507 2717 Antistitis,

108 2721 212 2769 sine
239 2722 479 2785 Episcopo
532 2725 609 2781 sit,
646 2736 763 2773 tunc
800 2724 1084 2788 imperfecta
1121 2737 1299 2782 manet,
1337 2738 1508 2790 estque

82 2789 247 2853 ,gregi
274 2788 383 2838 sine
419 2792 635 2850 Pastore,
669 2792 906 2841 exercitui
931 2793 1033 2841 sine
1060 2793 1205 2842 Duce
1232 2794 1412 2846 similis,
1450 2811 1508 2842 ac

108 2857 453 2921 quamprimum
479 2858 580 2907 fieri
616 2871 776 2924 potest
799 2861 860 2908 ad
893 2877 1033 2913 usum
1067 2862 1264 2909 aliarum
1294 2861 1509 2911 Ecclesi-

109 2941 243 2973 arum
269 2925 482 2974 revocari
506 2927 650 2994 debet
688 2938 735 2977 et
752 2928 832 2979 ‚ad
857 2929 1071 2993 regimen
1096 2929 1343 2981 avChristo
1377 2927 1514 2974 insti·

1351 3005 1507 3044 tutum
