1846 3250
288 166 351 216 98
772 162 1208 215 TRACTATUS

285 296 553 350 communis
595 297 1068 365 estTheologorum
1103 299 1265 366 opinio
1301 311 1408 366 post
1449 302 1496 351 S.
1526 303 1699 352 Hiero-

286 386 416 434 nym.
453 368 533 415 lib.
571 384 682 415 mox
720 367 868 416 citato
904 369 1132 418 adversus
1168 370 1495 429 Jovinianum,
1534 371 1616 420 ubi
1641 372 1696 420 iis

284 453 401 502 quae,
417 435 560 483 modo
602 435 665 482 ex
704 435 808 500 ipso
833 438 1101 491 retulimus,
1137 437 1272 487 addit
1307 438 1532 487 mulieres
1575 456 1696 504 quos

283 521 451 554 secum
477 504 721 552 ducebant
748 505 971 569 Apostoli
1006 522 1103 552 non
1128 505 1274 553 fuisse
1311 523 1476 555 eorum
1503 524 1699 561 uxores.

281 575 365 623 sed
383 572 599 621 mulieres
620 580 816 630 sanctas,
844 589 946 638 quoe
950 577 1097 639 juxta
1123 590 1293 622 morem
1309 575 1575 640 judaicum,
1602 576 1680 623 ubi
1703 600 1720 611 ·

274 659 374 707 que
389 649 637 705 receptum,
652 640 782 688 -m'hz'l
796 642 998 706 proinde
1021 641 1232 690 scandali
1255 643 1556 699 invehentem,
1580 644 1695 691 Ma-

279 709 446 776 gistris
470 710 527 756 de
558 724 641 756 sua
680 707 937 757 substantia
962 710 1304 770 minzstrabant,
1341 711 1478 759 sicuti
1499 709 1696 775 legimus

283 777 375 844 ipsi
394 792 572 842 quoque
595 777 799 824 Domino
807 776 1105 840 factitatum.

354 845 433 892 Ex
456 842 528 891 his
554 853 689 907 patet
712 844 937 892 mulieres
976 861 1165 893 sorores
1190 861 1308 909 quas
1349 862 1517 894 secum
1546 845 1700 895 ‹luce-

284 914 402 961 bant
444 912 687 977 Apostoli,
744 913 815 959 vel
858 912 1007 961 fuisse
1052 913 1272 961 foeminas
1307 913 1409 977 pias
1457 931 1565 979 quae
1611 931 1694 963 eos

282 980 597 1029 facultatibus
642 979 740 1027 suis
785 981 999 1038 alerent3
1048 982 1123 1028 vel
1171 982 1210 1029 si
1256 981 1434 1030 fuerint
1482 984 1698 1046 Aposto-

284 1050 441 1098 lorum
483 1064 674 1106 uxores,
709 1048 801 1095 illis
837 1048 984 1097 fuisse
1028 1059 1080 1097 ut
1121 1066 1325 1108 sorores,
1363 1065 1459 1113 non
1492 1061 1545 1097 ut
1580 1067 1699 1098 con-

276 1123 439 1183 juges.
1255 1121 1257 1123 ’

289 1214 295 1219 ·
351 1184 480 1234 Inst.
508 1187 557 1234 S.
583 1184 762 1234 Paulus
804 1184 982 1249 Philip.
1023 1187 1069 1232 4.
1104 1201 1150 1233 v.
1188 1189 1234 1233 3.
1269 1185 1339 1234 sic
1380 1185 1476 1234 ait:
1533 1186 1694 1235 Etiam

283 1271 395 1320 rogo
418 1262 529 1302 teet
563 1270 786 1318 germane
822 1270 1025 1316 compar,
1063 1253 1112 1300 id
1151 1263 1240 1312 est,
1279 1258 1420 1314 juxta
1446 1254 1689 1310 Gnaecum,

277 1339 502 1389 germana
522 1324 687 1386 conjux
712 1330 764 1369 ut
789 1321 925 1369 multi
944 1331 1209 1404 verterunt.
1277 1321 1411 1386 Ergo
1440 1321 1488 1368 S.
1515 1322 1695 1371 Paulus

282 1390 375 1439 fuit
400 1394 704 1452 conjugatus.
1623 1410 1627 1413 ·

346 1460 411 1507 R.
434 1473 595 1521 neque
640 1458 746 1505 haec
784 1458 931 1505 verba
971 1457 1177 1521 probare
1218 1458 1265 1506 S.
1297 1459 1495 1506 Paulum
1540 1456 1689 1506 fuisso

281 1531 610 1588 conjugatum.
678 1526 791 1572 Vox
818 1524 942 1573 enim
981 1542 1155 1588 graeca,
1192 1526 1309 1573 licet
1332 1526 1578 1590 ambigua,
1605 1541 1689 1588 ap·

281 1593 477 1642 tiusvde
515 1592 780 1640 masculino
822 1609 961 1654 quam
989 1594 1050 1641 de
1091 1593 1339 1649 foeminino
1366 1610 1488 1641 sexu
1513 1593 1687 1641 intelli-

280 1662 425 1726 gitur--
496 1660 629 1708 Hinc
669 1659 936 1708 versionem
977 1661 1287 1708 masculinam
1333 1662 1480 1725 graeci
1520 1663 1689 1709 Patres

275 1731 671 1795 *Chrysostomuffi
709 1728 954 1776 Theodor.
1009 1728 1324 1792 Epiphianius
1372 1729 1686 1788 admiserunt,

279 1813 457 1860 eosque
481 1807 652 1844 secuta
676 1806 749 1843 est
772 1795 876 1860 ipsa
902 1806 1075 1844 catena
1100 1797 1417 1845 Genevensis.

347 1866 449 1927 Olgj.
490 1868 598 1912 100·
635 1865 746 1912 Lex
771 1864 1025 1912 coelibatus
1051 1863 1258 1912 exitialis
1296 1876 1368 1912 est
1395 1864 1555 1912 multis
1590 1864 1685 1913 Ec-

274 1934 436 1983 clesiae
462 1932 714 1989 Ministris,
751 1933 831 1995 qui
868 1931 1112 1994 impudice
1154 1933 1319 1980 vivunt
1355 1949 1466 1981 cum
1502 1932 1685 1996 ingenti

278 2001 512 2052 Ecclesiae
542 2000 784 2048 dedecore
811 2010 860 2048 et
885 2000 1178 2064 Populorum
1204 2000 1449 2048 scandalo.

283 2089 288 2095 ·
342 2071 409 2118 R.
467 2072 536 2117 10·
589 2068 889 2116 Clericorum
947 2069 1179 2116 castitatis
1225 2070 1358 2130 leges
1401 2067 1682 2116 violantium

273 2154 527 2187 numerum
554 2153 581 2182 a
608 2135 992 2183 Protestantibus
1017 2137 1203 2199 augeri.
1268 2138 1353 2183 ⁷20·
1392 2137 1499 2185 Nec
1525 2152 1682 2183 rarum

275 2223 380 2255 esse
405 2214 457 2253 ut
484 2211 650 2251 eorum
676 2202 905 2258 Ministri,
943 2204 1157 2267 quamvis
1182 2220 1291 2251 suas
1327 2220 1499 2252 uxores
1534 2205 1684 2250 habe-

275 2284 373 2330 ant,
410 2290 515 2320 cum
544 2272 838 2334 Populorum
865 2270 1092 2317 scandalo
1130 2271 1244 2319 alibi
1279 2271 1484 2319 nefarias
1515 2271 1685 2334 volup-

275 2354 400 2391 tates
425 2335 681 2404 inquirant.
753 2342 830 2386 30·
872 2339 1059 2401 Legem
1097 2339 1349 2386 coelibatus
1388 2338 1449 2386 de
1487 2354 1539 2386 se
1576 2354 1682 2386 esse

275 2411 459 2466 utilem,
499 2410 690 2462 bonam,
718 2408 985 2469 uberesque
1007 2405 1275 2454 sanctitatis
1297 2406 1484 2453 fructus
1508 2405 1686 2469 produ-

276 2495 404 2534 cere,
444 2493 535 2524 nec
572 2475 658 2522 nisi
703 2491 788 2538 per
824 2474 1053 2522 accidens
1093 2485 1145 2521 ut
1181 2474 1324 2537 culpa
1351 2473 1683 2521 Ministrorum

274 2560 381 2594 esse
406 2545 600 2591 noxiam
625 2553 678 2591 et
702 2542 850 2589 ruinae
889 2542 1210 2590 occasionem.
1283 2541 1432 2588 Porro
1471 2542 1510 2588 si
1545 2541 1683 2589 tolle·

272 2627 440 2661 rentur
481 2621 667 2658 cunctae
709 2627 785 2657 res
826 2612 963 2658 bonae
1005 2626 1111 2672 quae
1151 2625 1239 2673 per
1275 2609 1502 2657 accidens
1538 2619 1588 2657 et
1617 2625 1679 2657 ex

273 2679 457 2729 malitia
498 2689 828 2725 creaturarum
870 2678 990 2725 fiunt
1038 2677 1191 2732 malae,
1240 2676 1352 2726 inde
1399 2687 1682 2740 sequeretur

273 2748 451 2796 coelum
478 2756 527 2793 et
553 2756 727 2792 terram
770 2761 875 2804 esse
915 2744 1143 2799 tollenda,
1181 2761 1291 2792 cum
1327 2745 1486 2793 multis
1519 2745 1680 2809 plures

273 2817 410 2865 Deos
435 2812 626 2862 colendi
650 2812 942 2875 praebuerint
962 2811 1286 2868 occasionem.
1357 2814 1560 2876 Insuper
1583 2811 1680 2858 tol-

276 2883 421 2932 lenda
452 2881 613 2928 forent
648 2880 928 2945 Decalogus
967 2890 1016 2929 et
1051 2881 1361 2929 Sacramenta
1389 2881 1571 2945 quibus
1608 2887 1680 2925 tot

275 2950 494 3001 hom-ines
517 2949 796 2999 abutuntur.
1581 3012 1667 3060 Ob·

1643 3032 1681 3074 J.
