1846 3250
611 163 708 212 DE
747 162 1039 211 ORDINE·-
1463 165 1528 210 83

122 302 331 352 Ordines
371 299 691 367 praetermissi‚
727 296 963 362 nusquam
989 315 1103 346 vero
1130 306 1181 345 ut
1206 297 1380 346 iterum
1406 296 1531 344 reci-

120 372 314 433 piantur
354 369 563 419 Ordines
609 383 696 431 per
741 368 916 415 saltum
965 367 1222 431 suscepti.
1286 369 1350 414 30·
1399 364 1530 421 Quia

118 436 356 488 Jueninus
381 438 570 485 dissert.
596 439 641 483 8.
667 436 728 483 de
757 436 970 483 Sacram.
990 434 1201 489 Ordinis,
1230 450 1273 482 c.
1298 437 1345 482 4.
1368 432 1532 482 multis

119 507 354 570 exemplis
387 504 633 553 ostendit'
623 521 669 550 in
697 504 925 552 Ecclesia
949 503 1152 551 collatos
1173 502 1323 557 fuisse
1347 501 1534 567 superi-

117 592 223 623 ores
249 575 476 638 Ordines,
514 572 698 621 omissis
723 571 1043 620 inferioribus.
1219 591 1221 593 ·

184 643 423 706 Theologi
460 658 574 690 vero
617 640 948 704 episcopatum
992 638 1257 704 excipiunt,
1300 637 1530 700 huncque

116 727 145 758 a
163 711 371 768 nemine,
408 711 497 757 nisi
522 709 583 757 sit
604 709 890 773 Praesbyter‚
916 708 1074 756 valide
1099 724 1248 772 posse
1266 707 1417 770 recipi
1442 722 1532 753 ex-

115 779 346 838 istimant,
400 782 460 826 10
492 778 605 844 quia
630 778 799 825 Patres
826 778 1014 827 Concil.
1060 775 1358 832 Sardicensis
1397 774 1532 838 apud
1612 841 1615 842 γ

120 815 500 905 Theodoretum,
537 846 620 894 lib.
654 849 701 892 2.
741 862 785 893 c.
810 850 857 893 8.
894 855 943 894 et
980 846 1150 893 Patres
1179 842 1531 892 Alexandrinae

120 916 303 980 Synodi
328 916 459 980 apud
483 913 801 963 Athanasium
829 914 976 977 Apol.
1001 916 1047 961 2.
1083 913 1291 977 probant
1306 911 1534 976 Ischyrae

118 985 298 1031 nullam
337 984 487 1031 fuisse
522 982 913 1039 ordinationem,
937 1021 939 1023 μ
966 999 1025 1031 eo
1068 982 1199 1045 quod
1241 982 1301 1037 ab
1338 979 1533 1027 Arianis

119 1052 392 1116 Episcopus
431 1061 559 1099 esset
602 1060 809 1107 creatus,
846 1051 962 1098 licet
988 1051 1196 1098 necdum
1223 1058 1350 1105 esset
1378 1049 1533 1095 Praes

117 1121 276 1183 hyter.
334 1122 401 1166 2⁰·
440 1119 572 1181 Quia
596 1119 867 1182 Episcopus
899 1118 1290 1183 frequentissime
1329 1133 1357 1164 a
1382 1116 1536 1164 Vete-

117 1188 249 1236 ribus
290 1187 469 1235 dicitur
510 1204 725 1235 summus
769 1187 1026 1244 SacerdOS,
1060 1195 1205 1252 porro
1241 1195 1296 1234 ut
1321 1184 1437 1249 ,quis
1472 1183 1536 1232 sit

117 1273 332 1304 summus
351 1256 609 1315 Sacerdos,
635 1272 836 1304 necesse
855 1265 930 1304 est
954 1266 1009 1304 ut
1027 1266 1172 1304 antea
1187 1254 1257 1304 ‘sit
1279 1252 1535 1308 Sacerdos.

119 1327 187 1370 30·
225 1324 353 1379 Quia
376 1324 648 1388 Episcopus
690 1324 772 1387 qui
812 1324 860 1370 in
907 1324 1224 1372 Sacerdotem
1266 1338 1362 1369 non
1405 1330 1535 1369 esset

120 1391 384 1451 ordinatus,
410 1408 506 1438 non
530 1392 732 1439 haberet
750 1402 1041 1454 potestatem
1069 1389 1536 1451 consecrandi,quae

117 1477 207 1524 per
230 1460 381 1508 solam
405 1460 607 1507 formam
633 1459 906 1507 sacerdotio
930 1459 1171 1523 propriam
1197 1457 1354 1512 datur,
1380 1457 1540 1505 neuti-
1568 1486 1569 1489 =

121 1544 263 1590 quam
305 1543 444 1575 vero
460 1544 547 1591 per
591 1527 962 1591 episcopatum·
950 1564 963 1584 ,
1019 1528 1292 1591 Episcopus
1332 1525 1538 1588 proinde

122 1597 278 1644 minus
317 1596 521 1644 haberet
561 1595 815 1659 potestatis
856 1612 997 1657 quam
1029 1594 1234 1660 simplex
1267 1592 1538 1642 Sacerdos:

124 1664 255 1728 quod
279 1681 308 1713 a
331 1664 522 1712 nemine
548 1679 759 1728 unquam
785 1662 970 1712 dictum
997 1672 1099 1712 est.

684 1867 968 1916 Interstitia.

193 2005 330 2052 Inter
353 2003 508 2051 varios
526 2002 735 2051 Ordines
753 2002 1094 2068 *suscipiendos
1114 2000 1428 2068 plurimorum
1454 2017 1538 2050 an·-

123 2080 293 2119 norum
321 2071 432 2120 olim
459 2071 693 2118 servanda
717 2083 853 2119 erant
878 2072 1149 2130 interstitia,
1184 2071 1253 2119 uti
1277 2081 1540 2120 sanxerant

124 2141 296 2188 Patres
322 2139 651 2196 Sardieenses,
688 2140 861 2188 Innoc.
884 2141 924 2187 Ι.
963 2141 1124 2204 Epist.
1141 2143 1188 2187 4.
1213 2140 1275 2188 ad
1305 2139 1536 2196 Felicem,

126 2207 327 2256 Siricius
369 2208 517 2271 Papa,
553 2207 779 2255 Zozimus
823 2208 978 2272 Epist.
1020 2208 1083 2256 ad
1124 2205 1448 2273 Hesychium‚
1486 2208 1538 2256 S.

122 2276 246 2332 Leo,
284 2278 372 2323 &c.
441 2275 670 2324 Instituta
693 2275 828 2325 fuere
853 2276 933 2324 illa
956 2274 1212 2325 interstitia
1237 2276 1344 2324 ut‘ii
1371 2271 1451 2340 qui
1476 2276 1539 2323 ad

125 2343 335 2392 Ordines
365 2352 478 2391 sunt
500 2346 830 2407 promovendi,
870 2362 1035 2401 eorum
1071 2344 1394 2401 sanctitatem,
1433 2343 1539 2405 dig-

125 2411 341 2468 nitatem,
379 2412 552 2466 officia,
585 2412 692 2460 illos
717 2412 1057 2471 exercitandO,
1086 2422 1403 2475 cognoscant,
1435 2411 1538 2459 ani-

124 2494 253 2528 mum
278 2479 662 2528 ecclesiasticum
686 2481 827 2529 altius
851 2481 1102 2535 imbibant,
1141 2479 1373 2528 Ecclesiae
1399 2479 1536 2542 leges

125 2563 184 2594 ac
203 2547 502 2622 disciplinam
522 2549 756 2607 ediscant,
782 2560 926 2610 atque
945 2559 998 2596 ut
1016 2546 1071 2596 iis
1091 2547 1353 2596 intervallis
1367 2563 1536 2601 mores

128 2628 317 2672 eorum,
337 2615 472 2672 fides,
497 2616 672 2679 pietas,
697 2617 919 2665 doctrina
943 2619 1227 2681 probentur.

197 2682 384 2729 Concil.
423 2683 556 2730 Trid.
607 2700 724 2732 sess.
764 2688 843 2732 23.
896 2701 1002 2749 cap.
1050 2689 1125 2733 11.
1167 2684 1229 2733 de
1270 2683 1535 2732 minoribus

131 2748 392 2803 Ordinibus
429 2750 498 2798 sic
530 2753 730 2800 statuit:
781 2752 998 2801 Minores
1025 2753 1236 2801 Ordines
1249 2767 1343 2815 per
1364 2761 1536 2830 tempo-

68 2878 70 2880 V
128 2833 237 2862 rum
271 2817 535 2876 interstitia,
570 2821 666 2866 nisi
699 2821 841 2870 aluid
859 2821 1125 2891 Episcopo
1135 2819 1367 2884 expedire·
1379 2821 1537 2881 mayis

124 2884 373 2940 videretur,
408 2886 710 2949 cmafliramur
712 2924 814 2938 ......
824 2890 897 2937 Hi
931 2905 1040 2936 vero
1061 2905 1158 2937 non
1191 2891 1288 2943 nasi
1311 2897 1426 2951 post
1447 2896 1535 2933 απ-

128 2968 242 2999 num
265 2968 296 2998 α
320 2953 602 3015 susceptione
628 2957 780 3018 primi
805 2957 990 3018 gradus
1024 2956 1261 3005 minorum
1294 2956 1535 3002 ordinum

1470 3022 1539 3069 ad
