<?xml version="1.0" encoding="UTF-8"?>
<!DOCTYPE html PUBLIC "-//W3C//DTD XHTML 1.0 Transitional//EN"
    "http://www.w3.org/TR/xhtml1/DTD/xhtml1-transitional.dtd">
<html xmlns="http://www.w3.org/1999/xhtml" xml:lang="en" lang="en">
 <head>
  <title>
</title>
<meta http-equiv="Content-Type" content="text/html;charset=utf-8" />
  <meta name='ocr-system' content='tesseract 3.04.00' />
  <meta name='ocr-capabilities' content='ocr_page ocr_carea ocr_par ocr_line ocrx_word'/>
</head>
<body>
  <div class='ocr_page' id='page_1' title='image "./theologica00bailuoft_0156.png"; bbox 0 0 1846 3250; ppageno 0'>
   <div class='ocr_carea' id='block_1_1' title="bbox 265 121 1191 177">
    <p class='ocr_par' dir='ltr' id='par_1_1' title="bbox 265 121 1191 177">
     <span class='ocr_line' id='line_1_1' title="bbox 265 121 1191 177; baseline 0 -7"><span class='ocrx_word' id='word_1_1' title='bbox 265 126 361 174; x_wconf 79' lang='lat'>152</span> <span class='ocrx_word' id='word_1_2' title='bbox 767 121 1151 177; x_wconf 71' lang='lat' dir='ltr'><strong>TRACTATU</strong></span> <span class='ocrx_word' id='word_1_3' title='bbox 1159 122 1191 170; x_wconf 84' lang='lat' dir='ltr'>S</span> 
     </span>
    </p>
   </div>
   <div class='ocr_carea' id='block_1_2' title="bbox 271 245 1684 1264">
    <p class='ocr_par' dir='ltr' id='par_1_2' title="bbox 274 245 1681 584">
     <span class='ocr_line' id='line_1_2' title="bbox 274 245 1678 315; baseline 0.004 -20"><span class='ocrx_word' id='word_1_4' title='bbox 274 246 518 303; x_wconf 78' lang='lat' dir='ltr'><strong>cessitate,</strong></span> <span class='ocrx_word' id='word_1_5' title='bbox 555 245 855 295; x_wconf 87' lang='lat' dir='ltr'>Poenitentes</span> <span class='ocrx_word' id='word_1_6' title='bbox 900 248 1286 308; x_wconf 83' lang='lat' dir='ltr'>reconciliarent,</span> <span class='ocrx_word' id='word_1_7' title='bbox 1337 266 1435 298; x_wconf 86' lang='lat' dir='ltr'>non</span> <span class='ocrx_word' id='word_1_8' title='bbox 1482 251 1678 315; x_wconf 75' lang='lat' dir='ltr'>quidem</span> 
     </span>
     <span class='ocr_line' id='line_1_3' title="bbox 277 315 1681 383; baseline 0.005 -20"><span class='ocrx_word' id='word_1_9' title='bbox 277 315 706 371; x_wconf 83' lang='lat' dir='ltr'>sacramentaliter,</span> <span class='ocrx_word' id='word_1_10' title='bbox 765 316 853 364; x_wconf 90' lang='lat' dir='ltr'>sed</span> <span class='ocrx_word' id='word_1_11' title='bbox 903 316 1257 381; x_wconf 80' lang='lat' dir='ltr'>deprecatorie,</span> <span class='ocrx_word' id='word_1_12' title='bbox 1316 335 1399 367; x_wconf 90' lang='lat' dir='ltr'>eos</span> <span class='ocrx_word' id='word_1_13' title='bbox 1452 335 1480 367; x_wconf 86' lang='lat' dir='ltr'>a</span> <span class='ocrx_word' id='word_1_14' title='bbox 1525 323 1681 383; x_wconf 82' lang='lat' dir='ltr'>poenis</span> 
     </span>
     <span class='ocr_line' id='line_1_4' title="bbox 277 383 1681 442; baseline 0.005 -11"><span class='ocrx_word' id='word_1_15' title='bbox 277 383 522 431; x_wconf 88' lang='lat' dir='ltr'>canonicis</span> <span class='ocrx_word' id='word_1_16' title='bbox 569 383 882 442; x_wconf 86' lang='lat' dir='ltr'>absolvendo,</span> <span class='ocrx_word' id='word_1_17' title='bbox 939 385 1016 433; x_wconf 90' lang='lat' dir='ltr'>vel</span> <span class='ocrx_word' id='word_1_18' title='bbox 1062 386 1223 434; x_wconf 89' lang='lat' dir='ltr'>dando</span> <span class='ocrx_word' id='word_1_19' title='bbox 1282 387 1681 438; x_wconf 83' lang='lat' dir='ltr'>Communionem</span> 
     </span>
     <span class='ocr_line' id='line_1_5' title="bbox 275 450 1680 521; baseline 0.004 -22"><span class='ocrx_word' id='word_1_20' title='bbox 275 468 380 513; x_wconf 83' lang='lat' dir='ltr'>quae</span> <span class='ocrx_word' id='word_1_21' title='bbox 405 462 507 499; x_wconf 87' lang='lat' dir='ltr'>erat</span> <span class='ocrx_word' id='word_1_22' title='bbox 525 450 716 515; x_wconf 89' lang='lat' dir='ltr'>signum</span> <span class='ocrx_word' id='word_1_23' title='bbox 741 452 1160 511; x_wconf 76' lang='lat' dir='ltr'>reconciliationis,</span> <span class='ocrx_word' id='word_1_24' title='bbox 1186 465 1239 502; x_wconf 89' lang='lat' dir='ltr'>ut</span> <span class='ocrx_word' id='word_1_25' title='bbox 1263 454 1426 504; x_wconf 88' lang='lat' dir='ltr'>videre</span> <span class='ocrx_word' id='word_1_26' title='bbox 1452 467 1525 504; x_wconf 90' lang='lat' dir='ltr'>est</span> <span class='ocrx_word' id='word_1_27' title='bbox 1548 458 1680 521; x_wconf 81' lang='lat' dir='ltr'>apud</span> 
     </span>
     <span class='ocr_line' id='line_1_6' title="bbox 278 519 942 584; baseline -0.003 -15"><span class='ocrx_word' id='word_1_28' title='bbox 278 521 328 569; x_wconf 99' lang='lat' dir='ltr'>S.</span> <span class='ocrx_word' id='word_1_29' title='bbox 355 520 650 583; x_wconf 88' lang='lat' dir='ltr'>Cyprianum</span> <span class='ocrx_word' id='word_1_30' title='bbox 687 519 840 584; x_wconf 84' lang='lat' dir='ltr'>Epist.</span> <span class='ocrx_word' id='word_1_31' title='bbox 863 523 942 569; x_wconf 79' lang='lat'>12.</span> 
     </span>
    </p>

    <p class='ocr_par' dir='ltr' id='par_1_3' title="bbox 274 585 1684 857">
     <span class='ocr_line' id='line_1_7' title="bbox 343 585 1681 650; baseline 0.003 -13"><span class='ocrx_word' id='word_1_32' title='bbox 343 589 557 638; x_wconf 86' lang='lat' dir='ltr'>Demum</span> <span class='ocrx_word' id='word_1_33' title='bbox 604 585 814 642; x_wconf 80' lang='lat' dir='ltr'>Diaconi</span> <span class='ocrx_word' id='word_1_34' title='bbox 870 589 1154 638; x_wconf 83' lang='lat' dir='ltr'>afflictorum</span> <span class='ocrx_word' id='word_1_35' title='bbox 1202 607 1372 639; x_wconf 81' lang='lat' dir='ltr'>curam.</span> <span class='ocrx_word' id='word_1_36' title='bbox 1418 592 1681 650; x_wconf 84' lang='lat' dir='ltr'>habebant,</span> 
     </span>
     <span class='ocr_line' id='line_1_8' title="bbox 275 655 1684 721; baseline 0.004 -18"><span class='ocrx_word' id='word_1_37' title='bbox 275 657 554 705; x_wconf 86' lang='lat' dir='ltr'>thesaurum</span> <span class='ocrx_word' id='word_1_38' title='bbox 604 655 840 704; x_wconf 80' lang='lat' dir='ltr'>Ecclesiae</span> <span class='ocrx_word' id='word_1_39' title='bbox 880 657 1239 721; x_wconf 83' lang='lat' dir='ltr'>dispensabant,</span> <span class='ocrx_word' id='word_1_40' title='bbox 1277 658 1514 716; x_wconf 81' lang='lat' dir='ltr'>Fidelium</span> <span class='ocrx_word' id='word_1_41' title='bbox 1556 662 1684 708; x_wconf 80' lang='lat' dir='ltr'>elee-</span> 
     </span>
     <span class='ocr_line' id='line_1_9' title="bbox 274 723 1682 792; baseline 0.004 -20"><span class='ocrx_word' id='word_1_42' title='bbox 274 740 500 790; x_wconf 84' lang='lat' dir='ltr'>mosynas</span> <span class='ocrx_word' id='word_1_43' title='bbox 524 723 890 784; x_wconf 82' lang='lat' dir='ltr'>distribuebant,</span> <span class='ocrx_word' id='word_1_44' title='bbox 927 737 980 774; x_wconf 80' lang='lat' dir='ltr'>ut</span> <span class='ocrx_word' id='word_1_45' title='bbox 1015 736 1151 790; x_wconf 87' lang='lat' dir='ltr'>patet</span> <span class='ocrx_word' id='word_1_46' title='bbox 1174 742 1233 774; x_wconf 86' lang='lat' dir='ltr'>ex</span> <span class='ocrx_word' id='word_1_47' title='bbox 1268 728 1383 775; x_wconf 91' lang='lat' dir='ltr'>Act.</span> <span class='ocrx_word' id='word_1_48' title='bbox 1425 743 1532 792; x_wconf 88' lang='lat' dir='ltr'>cap.</span> <span class='ocrx_word' id='word_1_49' title='bbox 1557 733 1604 777; x_wconf 87' lang='grc'>6.</span> <span class='ocrx_word' id='word_1_50' title='bbox 1632 739 1682 777; x_wconf 84' lang='lat' dir='ltr'>et</span> 
     </span>
     <span class='ocr_line' id='line_1_10' title="bbox 274 792 866 857; baseline -0.003 -17"><span class='ocrx_word' id='word_1_51' title='bbox 274 794 501 857; x_wconf 82' lang='lat' dir='ltr'>exemplo</span> <span class='ocrx_word' id='word_1_52' title='bbox 528 793 578 840; x_wconf 88' lang='lat' dir='ltr'>S.</span> <span class='ocrx_word' id='word_1_53' title='bbox 599 792 866 841; x_wconf 86' lang='lat' dir='ltr'>Laurentii.</span> 
     </span>
    </p>

    <p class='ocr_par' dir='ltr' id='par_1_4' title="bbox 271 842 1681 1051">
     <span class='ocr_line' id='line_1_11' title="bbox 291 842 1678 923; baseline 0.002 -15.123"><span class='ocrx_word' id='word_1_54' title='bbox 291 863 536 917; x_wconf 79' lang='lat' dir='ltr'>Quaeres</span> <span class='ocrx_word' id='word_1_55' title='bbox 561 863 606 908; x_wconf 74' lang='lat'>2.</span> <span class='ocrx_word' id='word_1_56' title='bbox 647 861 764 923; x_wconf 91' lang='lat' dir='ltr'>quid</span> <span class='ocrx_word' id='word_1_57' title='bbox 803 860 1111 914; x_wconf 88' lang='lat' dir='ltr'>sentiendum</span> <span class='ocrx_word' id='word_1_58' title='bbox 1157 862 1218 911; x_wconf 85' lang='lat' dir='ltr'>sit</span> <span class='ocrx_word' id='word_1_59' title='bbox 1259 842 1321 912; x_wconf 85' lang='lat' dir='ltr'>de</span> <span class='ocrx_word' id='word_1_60' title='bbox 1361 862 1678 920; x_wconf 86' lang='lat' dir='ltr'>Diaconissis,</span> 
     </span>
     <span class='ocr_line' id='line_1_12' title="bbox 275 928 1681 980; baseline 0.001 -3"><span class='ocrx_word' id='word_1_61' title='bbox 275 946 332 977; x_wconf 85' lang='lat' dir='ltr'>ac</span> <span class='ocrx_word' id='word_1_62' title='bbox 380 929 441 977; x_wconf 88' lang='lat' dir='ltr'>de</span> <span class='ocrx_word' id='word_1_63' title='bbox 487 928 818 977; x_wconf 88' lang='lat' dir='ltr'>functionibus</span> <span class='ocrx_word' id='word_1_64' title='bbox 861 929 910 977; x_wconf 90' lang='lat' dir='ltr'>in</span> <span class='ocrx_word' id='word_1_65' title='bbox 962 929 1185 979; x_wconf 86' lang='lat' dir='ltr'>Ecclesia</span> <span class='ocrx_word' id='word_1_66' title='bbox 1230 931 1292 979; x_wconf 87' lang='lat' dir='ltr'>ab</span> <span class='ocrx_word' id='word_1_67' title='bbox 1344 930 1412 980; x_wconf 87' lang='lat' dir='ltr'>eis</span> <span class='ocrx_word' id='word_1_68' title='bbox 1460 933 1681 980; x_wconf 82' lang='lat' dir='ltr'>exerceri</span> 
     </span>
     <span class='ocr_line' id='line_1_13' title="bbox 271 996 956 1051; baseline 0.01 -7"><span class='ocrx_word' id='word_1_69' title='bbox 271 996 455 1045; x_wconf 87' lang='lat' dir='ltr'>solitis?</span> <span class='ocrx_word' id='word_1_70' title='bbox 955 1048 956 1051; x_wconf 75' lang='grc'>,</span> 
     </span>
    </p>

    <p class='ocr_par' dir='ltr' id='par_1_5' title="bbox 274 1063 1684 1264">
     <span class='ocr_line' id='line_1_14' title="bbox 340 1063 1683 1130; baseline 0.001 -18"><span class='ocrx_word' id='word_1_71' title='bbox 340 1065 407 1112; x_wconf 78' lang='lat' dir='ltr'>R.</span> <span class='ocrx_word' id='word_1_72' title='bbox 442 1064 503 1112; x_wconf 87' lang='lat' dir='ltr'>de</span> <span class='ocrx_word' id='word_1_73' title='bbox 529 1063 584 1112; x_wconf 90' lang='lat' dir='ltr'>iis</span> <span class='ocrx_word' id='word_1_74' title='bbox 608 1081 636 1113; x_wconf 87' lang='lat' dir='ltr'>a</span> <span class='ocrx_word' id='word_1_75' title='bbox 660 1064 797 1112; x_wconf 86' lang='lat' dir='ltr'>nobis</span> <span class='ocrx_word' id='word_1_76' title='bbox 833 1064 880 1111; x_wconf 90' lang='lat' dir='ltr'>in</span> <span class='ocrx_word' id='word_1_77' title='bbox 906 1066 1059 1128; x_wconf 83' lang='lat' dir='ltr'>prima</span> <span class='ocrx_word' id='word_1_78' title='bbox 1093 1066 1233 1127; x_wconf 82' lang='lat' dir='ltr'>hujus</span> <span class='ocrx_word' id='word_1_79' title='bbox 1258 1066 1519 1114; x_wconf 87' lang='lat' dir='ltr'>Tractatus</span> <span class='ocrx_word' id='word_1_80' title='bbox 1540 1077 1683 1130; x_wconf 82' lang='lat' dir='ltr'>parte</span> 
     </span>
     <span class='ocr_line' id='line_1_15' title="bbox 275 1132 1684 1199; baseline 0.003 -21"><span class='ocrx_word' id='word_1_81' title='bbox 275 1133 388 1180; x_wconf 83' lang='lat' dir='ltr'>satis</span> <span class='ocrx_word' id='word_1_82' title='bbox 419 1132 564 1179; x_wconf 81' lang='lat' dir='ltr'>fuisse</span> <span class='ocrx_word' id='word_1_83' title='bbox 604 1132 795 1184; x_wconf 64' lang='lat' dir='ltr'>dictum&gt;</span> <span class='ocrx_word' id='word_1_84' title='bbox 829 1148 938 1196; x_wconf 86' lang='lat' dir='ltr'>cap.</span> <span class='ocrx_word' id='word_1_85' title='bbox 963 1136 1009 1184; x_wconf 90' lang='lat'>7.</span> <span class='ocrx_word' id='word_1_86' title='bbox 1035 1134 1115 1182; x_wconf 87' lang='lat' dir='ltr'>ubi</span> <span class='ocrx_word' id='word_1_87' title='bbox 1143 1134 1204 1182; x_wconf 91' lang='lat' dir='ltr'>de</span> <span class='ocrx_word' id='word_1_88' title='bbox 1228 1134 1450 1199; x_wconf 87' lang='lat' dir='ltr'>subjecto</span> <span class='ocrx_word' id='word_1_89' title='bbox 1477 1133 1684 1182; x_wconf 87' lang='lat' dir='ltr'>Ordina-</span> 
     </span>
     <span class='ocr_line' id='line_1_16' title="bbox 274 1200 987 1264; baseline 0.006 -18"><span class='ocrx_word' id='word_1_90' title='bbox 274 1200 414 1249; x_wconf 78' lang='lat' dir='ltr'>tionis</span> <span class='ocrx_word' id='word_1_91' title='bbox 439 1216 631 1264; x_wconf 86' lang='lat' dir='ltr'>propos.</span> <span class='ocrx_word' id='word_1_92' title='bbox 672 1204 715 1249; x_wconf 92' lang='lat'>1.</span> <span class='ocrx_word' id='word_1_93' title='bbox 738 1201 917 1264; x_wconf 81' lang='lat' dir='ltr'>object.</span> <span class='ocrx_word' id='word_1_94' title='bbox 944 1205 987 1250; x_wconf 83' lang='lat'>1.</span> 
     </span>
    </p>
   </div>
   <div class='ocr_carea' id='block_1_3' title="bbox 664 1338 1294 1531">
    <p class='ocr_par' dir='ltr' id='par_1_6' title="bbox 664 1338 1294 1531">
     <span class='ocr_line' id='line_1_17' title="bbox 664 1338 1294 1418; baseline -0.002 -29"><span class='ocrx_word' id='word_1_95' title='bbox 664 1340 897 1390; x_wconf 89' lang='lat' dir='ltr'>CAPUT</span> <span class='ocrx_word' id='word_1_96' title='bbox 934 1338 1294 1418; x_wconf 79' lang='lat' dir='ltr'>QUINTUM.</span> 
     </span>
     <span class='ocr_line' id='line_1_18' title="bbox 772 1479 1179 1531; baseline 0.002 -3"><span class='ocrx_word' id='word_1_97' title='bbox 772 1479 854 1530; x_wconf 87' lang='lat' dir='ltr'>De</span> <span class='ocrx_word' id='word_1_98' title='bbox 896 1482 1179 1531; x_wconf 61' lang='lat' dir='ltr'>Sacm’dotio.</span> 
     </span>
    </p>
   </div>
   <div class='ocr_carea' id='block_1_4' title="bbox 267 1619 1681 2160">
    <p class='ocr_par' dir='ltr' id='par_1_7' title="bbox 267 1619 1681 2160">
     <span class='ocr_line' id='line_1_19' title="bbox 342 1619 1677 1685; baseline -0.001 -16"><span class='ocrx_word' id='word_1_99' title='bbox 342 1623 678 1669; x_wconf 69' lang='lat' dir='ltr'>SAcszoTn</span> <span class='ocrx_word' id='word_1_100' title='bbox 716 1635 893 1668; x_wconf 82' lang='lat' dir='ltr'>nomen</span> <span class='ocrx_word' id='word_1_101' title='bbox 941 1619 1224 1683; x_wconf 86' lang='lat' dir='ltr'>genericum</span> <span class='ocrx_word' id='word_1_102' title='bbox 1261 1631 1333 1669; x_wconf 88' lang='lat' dir='ltr'>est</span> <span class='ocrx_word' id='word_1_103' title='bbox 1375 1621 1504 1685; x_wconf 86' lang='lat' dir='ltr'>quod</span> <span class='ocrx_word' id='word_1_104' title='bbox 1545 1638 1677 1669; x_wconf 70' lang='lat' dir='ltr'>com-2</span> 
     </span>
     <span class='ocr_line' id='line_1_20' title="bbox 269 1687 1681 1754; baseline 0.001 -18"><span class='ocrx_word' id='word_1_105' title='bbox 269 1688 389 1751; x_wconf 85' lang='lat' dir='ltr'>petit</span> <span class='ocrx_word' id='word_1_106' title='bbox 429 1687 790 1744; x_wconf 81' lang='lat' dir='ltr'>Sacerdotibus,</span> <span class='ocrx_word' id='word_1_107' title='bbox 824 1688 926 1735; x_wconf 87' lang='lat' dir='ltr'>sive</span> <span class='ocrx_word' id='word_1_108' title='bbox 964 1688 1224 1749; x_wconf 82' lang='lat' dir='ltr'>majoribus</span> <span class='ocrx_word' id='word_1_109' title='bbox 1253 1688 1496 1738; x_wconf 63' lang='lat' dir='ltr'>«videlieet</span> <span class='ocrx_word' id='word_1_110' title='bbox 1537 1690 1681 1754; x_wconf 88' lang='lat' dir='ltr'>Epis·</span> 
     </span>
     <span class='ocr_line' id='line_1_21' title="bbox 269 1755 1673 1820; baseline 0.001 -17"><span class='ocrx_word' id='word_1_111' title='bbox 269 1756 419 1820; x_wconf 67' lang='lat' dir='ltr'>wopis,</span> <span class='ocrx_word' id='word_1_112' title='bbox 445 1756 544 1804; x_wconf 87' lang='lat' dir='ltr'>sive</span> <span class='ocrx_word' id='word_1_113' title='bbox 569 1755 830 1803; x_wconf 88' lang='lat' dir='ltr'>minoribus</span> <span class='ocrx_word' id='word_1_114' title='bbox 845 1755 1004 1802; x_wconf 83' lang='lat' dir='ltr'>silicet</span> <span class='ocrx_word' id='word_1_115' title='bbox 1024 1755 1323 1818; x_wconf 83' lang='lat' dir='ltr'>simplicibus</span> <span class='ocrx_word' id='word_1_116' title='bbox 1343 1757 1673 1820; x_wconf 82' lang='lat' dir='ltr'>Praesbyteris.</span> 
     </span>
     <span class='ocr_line' id='line_1_22' title="bbox 270 1822 1681 1872; baseline 0 0"><span class='ocrx_word' id='word_1_117' title='bbox 270 1826 383 1872; x_wconf 80' lang='lat' dir='ltr'>Jam</span> <span class='ocrx_word' id='word_1_118' title='bbox 422 1841 539 1872; x_wconf 90' lang='lat' dir='ltr'>vero</span> <span class='ocrx_word' id='word_1_119' title='bbox 576 1840 689 1872; x_wconf 83' lang='lat' dir='ltr'>usus</span> <span class='ocrx_word' id='word_1_120' title='bbox 729 1823 778 1869; x_wconf 88' lang='lat' dir='ltr'>in</span> <span class='ocrx_word' id='word_1_121' title='bbox 804 1823 1028 1871; x_wconf 88' lang='lat' dir='ltr'>Ecclesia</span> <span class='ocrx_word' id='word_1_122' title='bbox 1066 1822 1267 1870; x_wconf 85' lang='lat' dir='ltr'>invaluit</span> <span class='ocrx_word' id='word_1_123' title='bbox 1306 1834 1361 1871; x_wconf 87' lang='lat' dir='ltr'>ut</span> <span class='ocrx_word' id='word_1_124' title='bbox 1387 1824 1681 1872; x_wconf 65' lang='lat' dir='ltr'>Sacerdotes</span> 
     </span>
     <span class='ocr_line' id='line_1_23' title="bbox 271 1889 1675 1955; baseline 0 -17"><span class='ocrx_word' id='word_1_125' title='bbox 271 1892 524 1940; x_wconf 82' lang='lat' dir='ltr'>inferiores</span> <span class='ocrx_word' id='word_1_126' title='bbox 546 1890 761 1946; x_wconf 78' lang='lat' dir='ltr'>Ordinis,</span> <span class='ocrx_word' id='word_1_127' title='bbox 796 1889 1042 1955; x_wconf 77' lang='lat' dir='ltr'>iinempe</span> <span class='ocrx_word' id='word_1_128' title='bbox 1081 1889 1162 1954; x_wconf 77' lang='lat' dir='ltr'>qui</span> <span class='ocrx_word' id='word_1_129' title='bbox 1186 1890 1441 1955; x_wconf 87' lang='lat' dir='ltr'>Episcopis</span> <span class='ocrx_word' id='word_1_130' title='bbox 1481 1892 1675 1954; x_wconf 86' lang='lat' dir='ltr'>subjici-</span> 
     </span>
     <span class='ocr_line' id='line_1_24' title="bbox 270 1957 1677 2023; baseline -0.002 -15"><span class='ocrx_word' id='word_1_131' title='bbox 270 1972 433 2017; x_wconf 88' lang='lat' dir='ltr'>untur,</span> <span class='ocrx_word' id='word_1_132' title='bbox 469 1961 690 2008; x_wconf 88' lang='lat' dir='ltr'>dicantur</span> <span class='ocrx_word' id='word_1_133' title='bbox 733 1957 1040 2023; x_wconf 81' lang='lat' dir='ltr'>Praesbyteri‚</span> <span class='ocrx_word' id='word_1_134' title='bbox 1079 1958 1368 2007; x_wconf 69' lang='lat' dir='ltr'>sacerdotes</span> <span class='ocrx_word' id='word_1_135' title='bbox 1392 1970 1553 2008; x_wconf 87' lang='lat' dir='ltr'>autem</span> <span class='ocrx_word' id='word_1_136' title='bbox 1579 1959 1677 2023; x_wconf 88' lang='lat' dir='ltr'>pri-</span> 
     </span>
     <span class='ocr_line' id='line_1_25' title="bbox 267 2026 1674 2091; baseline 0 -16"><span class='ocrx_word' id='word_1_137' title='bbox 267 2029 332 2075; x_wconf 87' lang='lat' dir='ltr'>mi</span> <span class='ocrx_word' id='word_1_138' title='bbox 390 2028 569 2075; x_wconf 84' lang='lat' dir='ltr'>ordinis</span> <span class='ocrx_word' id='word_1_139' title='bbox 605 2028 931 2091; x_wconf 32' lang='lat' dir='ltr'>‘appellentur</span> <span class='ocrx_word' id='word_1_140' title='bbox 984 2026 1223 2090; x_wconf 85' lang='lat' dir='ltr'>Episcopi.</span> <span class='ocrx_word' id='word_1_141' title='bbox 1315 2028 1462 2085; x_wconf 80' lang='lat' dir='ltr'>Tunc,</span> <span class='ocrx_word' id='word_1_142' title='bbox 1516 2027 1674 2090; x_wconf 88' lang='lat' dir='ltr'>inquit</span> 
     </span>
     <span class='ocr_line' id='line_1_26' title="bbox 270 2093 1678 2160; baseline -0.002 -17"><span class='ocrx_word' id='word_1_143' title='bbox 270 2097 319 2143; x_wconf 86' lang='lat' dir='ltr'>S.</span> <span class='ocrx_word' id='word_1_144' title='bbox 363 2097 745 2160; x_wconf 75' lang='lat' dir='ltr'>Chrysostomus-</span> <span class='ocrx_word' id='word_1_145' title='bbox 781 2095 966 2143; x_wconf 75' lang='lat' dir='ltr'>Homil.</span> <span class='ocrx_word' id='word_1_146' title='bbox 1016 2098 1058 2142; x_wconf 88' lang='lat' dir='ltr'>l.</span> <span class='ocrx_word' id='word_1_147' title='bbox 1103 2094 1152 2141; x_wconf 85' lang='lat' dir='ltr'>in</span> <span class='ocrx_word' id='word_1_148' title='bbox 1191 2093 1346 2158; x_wconf 83' lang='lat' dir='ltr'>Epist.</span> <span class='ocrx_word' id='word_1_149' title='bbox 1380 2096 1446 2142; x_wconf 87' lang='lat' dir='ltr'>ad</span> <span class='ocrx_word' id='word_1_150' title='bbox 1492 2095 1678 2159; x_wconf 88' lang='lat' dir='ltr'>Philip..</span> 
     </span>
    </p>
   </div>
   <div class='ocr_carea' id='block_1_5' title="bbox 189 2164 1674 2225">
    <p class='ocr_par' dir='ltr' id='par_1_8' title="bbox 189 2164 1674 2225">
     <span class='ocr_line' id='line_1_27' title="bbox 189 2164 1674 2225; baseline -0.001 -13"><span class='ocrx_word' id='word_1_151' title='bbox 189 2166 191 2168; x_wconf 74' lang='grc'><strong>’</strong></span> <span class='ocrx_word' id='word_1_152' title='bbox 267 2165 456 2212; x_wconf 77' lang='lat' dir='ltr'>nomina</span> <span class='ocrx_word' id='word_1_153' title='bbox 479 2164 628 2211; x_wconf 76' lang='lat' dir='ltr'>adhuc</span> <span class='ocrx_word' id='word_1_154' title='bbox 663 2171 798 2210; x_wconf 76' lang='lat' dir='ltr'>erant</span> <span class='ocrx_word' id='word_1_155' title='bbox 836 2164 1105 2220; x_wconf 78' lang='lat' dir='ltr'>communia,</span> <span class='ocrx_word' id='word_1_156' title='bbox 1134 2164 1414 2225; x_wconf 83' lang='lat' dir='ltr'>procedente</span> <span class='ocrx_word' id='word_1_157' title='bbox 1435 2181 1540 2212; x_wconf 82' lang='lat' dir='ltr'>vero</span> <span class='ocrx_word' id='word_1_158' title='bbox 1564 2171 1674 2211; x_wconf 79' lang='lat' dir='ltr'>tem—</span> 
     </span>
    </p>
   </div>
   <div class='ocr_carea' id='block_1_6' title="bbox 257 2230 1677 2429">
    <p class='ocr_par' dir='ltr' id='par_1_9' title="bbox 257 2230 1677 2429">
     <span class='ocr_line' id='line_1_28' title="bbox 257 2230 1672 2294; baseline -0.001 -15"><span class='ocrx_word' id='word_1_159' title='bbox 257 2247 379 2294; x_wconf 81' lang='lat' dir='ltr'>pore</span> <span class='ocrx_word' id='word_1_160' title='bbox 417 2231 711 2279; x_wconf 78' lang='lat' dir='ltr'>distributum</span> <span class='ocrx_word' id='word_1_161' title='bbox 743 2238 814 2278; x_wconf 74' lang='lat' dir='ltr'>est</span> <span class='ocrx_word' id='word_1_162' title='bbox 848 2230 1010 2294; x_wconf 80' lang='lat' dir='ltr'>cuique</span> <span class='ocrx_word' id='word_1_163' title='bbox 1055 2247 1230 2286; x_wconf 77' lang='lat' dir='ltr'>nomen,</span> <span class='ocrx_word' id='word_1_164' title='bbox 1280 2238 1330 2279; x_wconf 75' lang='lat' dir='ltr'>ut</span> <span class='ocrx_word' id='word_1_165' title='bbox 1373 2230 1446 2278; x_wconf 81' lang='lat' dir='ltr'>hic</span> <span class='ocrx_word' id='word_1_166' title='bbox 1491 2231 1672 2294; x_wconf 77' lang='lat' dir='ltr'>quidem</span> 
     </span>
     <span class='ocr_line' id='line_1_29' title="bbox 270 2296 1671 2373; baseline -0.002 -28"><span class='ocrx_word' id='word_1_167' title='bbox 270 2298 538 2364; x_wconf 71' lang='lat' dir='ltr'>Episcopus,</span> <span class='ocrx_word' id='word_1_168' title='bbox 573 2298 652 2347; x_wconf 76' lang='lat' dir='ltr'>ille</span> <span class='ocrx_word' id='word_1_169' title='bbox 684 2315 793 2347; x_wconf 83' lang='lat' dir='ltr'>vero</span> <span class='ocrx_word' id='word_1_170' title='bbox 830 2297 1099 2360; x_wconf 67' lang='lat' dir='ltr'>Praesbyter</span> <span class='ocrx_word' id='word_1_171' title='bbox 1138 2296 1469 2373; x_wconf 71' lang='lat' dir='ltr'>appellaretur.</span> <span class='ocrx_word' id='word_1_172' title='bbox 1537 2296 1671 2343; x_wconf 88' lang='lat' dir='ltr'>Hinc</span> 
     </span>
     <span class='ocr_line' id='line_1_30' title="bbox 270 2364 1677 2429; baseline -0.001 -16"><span class='ocrx_word' id='word_1_173' title='bbox 270 2368 367 2425; x_wconf 83' lang='lat' dir='ltr'>duo</span> <span class='ocrx_word' id='word_1_174' title='bbox 392 2376 532 2415; x_wconf 88' lang='lat' dir='ltr'>erunt</span> <span class='ocrx_word' id='word_1_175' title='bbox 556 2366 693 2429; x_wconf 83' lang='lat' dir='ltr'>hujus</span> <span class='ocrx_word' id='word_1_176' title='bbox 720 2365 890 2429; x_wconf 89' lang='lat' dir='ltr'>capitis</span> <span class='ocrx_word' id='word_1_177' title='bbox 914 2364 1121 2422; x_wconf 87' lang='lat' dir='ltr'>articuli,</span> <span class='ocrx_word' id='word_1_178' title='bbox 1157 2364 1339 2428; x_wconf 86' lang='lat' dir='ltr'>primus</span> <span class='ocrx_word' id='word_1_179' title='bbox 1368 2364 1430 2412; x_wconf 91' lang='lat' dir='ltr'>de</span> <span class='ocrx_word' id='word_1_180' title='bbox 1462 2365 1677 2428; x_wconf 72' lang='lat' dir='ltr'>praesby-</span> 
     </span>
    </p>
   </div>
   <div class='ocr_carea' id='block_1_7' title="bbox 277 2430 1209 2777">
    <p class='ocr_par' dir='ltr' id='par_1_10' title="bbox 277 2430 1209 2777">
     <span class='ocr_line' id='line_1_31' title="bbox 277 2430 1118 2497; baseline -0.001 -16"><span class='ocrx_word' id='word_1_181' title='bbox 277 2446 453 2495; x_wconf 74' lang='lat' dir='ltr'>teram,</span> <span class='ocrx_word' id='word_1_182' title='bbox 458 2435 704 2483; x_wconf 82' lang='lat' dir='ltr'>secundus</span> <span class='ocrx_word' id='word_1_183' title='bbox 728 2434 791 2481; x_wconf 90' lang='lat' dir='ltr'>de</span> <span class='ocrx_word' id='word_1_184' title='bbox 815 2430 1118 2497; x_wconf 84' lang='lat' dir='ltr'>episcopatu.</span> 
     </span>
     <span class='ocr_line' id='line_1_32' title="bbox 709 2536 1209 2623; baseline -0.006 -1"><span class='ocrx_word' id='word_1_185' title='bbox 709 2536 1191 2623; x_wconf 27' lang='lat' dir='ltr'><strong>*ARTICULUSI</strong></span> <span class='ocrx_word' id='word_1_186' title='bbox 1194 2606 1209 2619; x_wconf 93' lang='lat'>.</span> 
     </span>
     <span class='ocr_line' id='line_1_33' title="bbox 734 2711 1198 2777; baseline -0.011 -15"><span class='ocrx_word' id='word_1_187' title='bbox 734 2714 824 2762; x_wconf 85' lang='lat' dir='ltr'>De·</span> <span class='ocrx_word' id='word_1_188' title='bbox 837 2711 1198 2777; x_wconf 71' lang='lat' dir='ltr'>Praesbyteratu.</span> 
     </span>
    </p>
   </div>
   <div class='ocr_carea' id='block_1_8' title="bbox 337 2849 1663 2916">
    <p class='ocr_par' dir='ltr' id='par_1_11' title="bbox 337 2849 1663 2916">
     <span class='ocr_line' id='line_1_34' title="bbox 337 2849 1663 2916; baseline -0.002 -17"><span class='ocrx_word' id='word_1_189' title='bbox 337 2851 609 2916; x_wconf 84' lang='lat' dir='ltr'>Praesbyter</span> <span class='ocrx_word' id='word_1_190' title='bbox 626 2865 785 2914; x_wconf 84' lang='lat' dir='ltr'>graece</span> <span class='ocrx_word' id='word_1_191' title='bbox 808 2849 937 2899; x_wconf 87' lang='lat' dir='ltr'>idem</span> <span class='ocrx_word' id='word_1_192' title='bbox 961 2859 1035 2899; x_wconf 87' lang='lat' dir='ltr'>est</span> <span class='ocrx_word' id='word_1_193' title='bbox 1057 2867 1115 2900; x_wconf 88' lang='lat' dir='ltr'>ac</span> <span class='ocrx_word' id='word_1_194' title='bbox 1142 2850 1328 2900; x_wconf 84' lang='lat' dir='ltr'>Senior.</span> <span class='ocrx_word' id='word_1_195' title='bbox 1397 2849 1479 2899; x_wconf 87' lang='lat' dir='ltr'>Sic</span> <span class='ocrx_word' id='word_1_196' title='bbox 1501 2858 1663 2897; x_wconf 82' lang='lat' dir='ltr'>autem</span> 
     </span>
    </p>
   </div>
   <div class='ocr_carea' id='block_1_9' title="bbox 268 2916 1668 3048">
    <p class='ocr_par' dir='ltr' id='par_1_12' title="bbox 268 2916 1668 3048">
     <span class='ocr_line' id='line_1_35' title="bbox 268 2916 1668 3035; baseline -0.004 -67"><span class='ocrx_word' id='word_1_197' title='bbox 268 2919 499 2970; x_wconf 69' lang='lat' dir='ltr'>dicuntur*</span> <span class='ocrx_word' id='word_1_198' title='bbox 509 2935 611 2968; x_wconf 83' lang='lat' dir='ltr'>non</span> <span class='ocrx_word' id='word_1_199' title='bbox 633 2919 783 2968; x_wconf 84' lang='lat' dir='ltr'>solem</span> <span class='ocrx_word' id='word_1_200' title='bbox 808 2925 1007 2985; x_wconf 63' lang='lat' dir='ltr'>propter</span> <span class='ocrx_word' id='word_1_201' title='bbox 1031 2919 1184 2970; x_wconf 83' lang='lat' dir='ltr'>aetatis</span> <span class='ocrx_word' id='word_1_202' title='bbox 1206 2916 1530 3035; x_wconf 51' lang='grc' dir='ltr'>ωῆῑυιὲξῐειῐεὲη</span> <span class='ocrx_word' id='word_1_203' title='bbox 1556 2930 1668 2979; x_wconf 77' lang='lat' dir='ltr'>quae</span> 
     </span>
     <span class='ocr_line' id='line_1_36' title="bbox 1388 2982 1660 3048; baseline -0.011 -16"><span class='ocrx_word' id='word_1_204' title='bbox 1388 3001 1475 3035; x_wconf 86' lang='lat' dir='ltr'>raes</span> <span class='ocrx_word' id='word_1_205' title='bbox 1509 2982 1660 3048; x_wconf 87' lang='lat' dir='ltr'>yteris</span> 
     </span>
    </p>
   </div>
  </div>
 </body>
</html>
