1846 3250
238 173 336 222 356
735 159 1169 226 TRA-CTA‘rus
1241 236 1246 242 ¹

243 305 444 354 diversae
484 303 790 363 Dioeceseos,
842 307 1191 371 impedimento
1229 309 1451 357 laborent
1497 322 1530 358 a
1572 325 1674 373 quo

246 373 521 436 Episcopus
554 373 677 422 aiter
714 374 994 437 dispensare
1034 377 1210 433 valeat,
1247 377 1371 424 alter
1406 392 1522 424 vero
1571 392 1673 424 non

243 440 416 504 possit,
453 450 571 487 tunc
597 440 877 489 adeundum
901 459 1006 490 esse
1035 443 1083 490 S.
1108 443 1415 492 Pontificem.

318 507 510 563 Quoeres
557 511 664 554 130·
703 508 752 556 Si
788 509 971 572 possint
1008 510 1276 576 Episcopi
1266 527 1312 556 in
1347 493 1512 559 multis
1549 509 1673 557 casi-

245 574 336 621 bus
384 573 680 636 dispensare‚
736 592 823 623 cur
863 577 912 623 in
946 577 1116 624 iisdem
1150 578 1341 626 casibus
1387 577 1471 625 ad
1485 577 1671 642 Papam

244 640 503 703 aliquando
527 643 837 690 recurritur?

316 708 383 756 R.
418 708 467 755 in
505 709 695 757 casibus
733 710 813 757 ubi
850 720 1014 775 potest
1057 690 1337 775 dispensare
1380 709 1672 774 Episcopus,

249 791 359 835 raro
397 776 460 823 ad
502 791 742 824 summum
794 777 1084 826 Pontificem
1130 779 1333 826 recurri.
1401 777 1462 825 Id
1508 788 1673 825 autem

245 842 507 905 aliquando
530 842 585 891 fit
615 849 691 891 10'
727 844 854 907 quia,
882 861 994 892 cum
1031 845 1193 909 agitur
1219 846 1282 893 de
1316 844 1677 909 impedi-mentis

244 910 455 974 publicis
480 910 801 973 cognationis,
837 913 988 960 tutius
1014 923 1088 960 est
1112 929 1365 961 recurrere
1390 912 1452 960 ad
1473 912 1673 975 Papam,

247 994 309 1025 eo
347 978 479 1041 quod
521 978 759 1039 ejusmodi
790 979 1248 1043 impedimentorum
1290 978 1677 1043 dispensationes

243 1045 308 1092 ab
344 1044 596 1108 Episcopo
634 1046 761 1093 datae
801 1045 849 1092 in
886 1048 1125 1110 supremis
1151 1046 1308 1096 Curiis
1343 1046 1602 1109 aliquando
1627 1046 1677 1092 in

247 1111 656 1175 disceptationem
702 1114 942 1161 venerint.
1017 1113 1092 1160 2⁰·
1131 1114 1274 1170 Quia,
1313 1131 1424 1162 cum
1471 1112 1676 1176 impedi·

242 1188 464 1229 mentum
508 1188 582 1228 est
619 1180 886 1237 occultum,
937 1197 1154 1243 personae
1201 1181 1533 1244 supplicantes
1578 1196 1679 1228 non

244 1255 454 1311 possunt
493 1246 543 1294 in
571 1246 720 1295 Curia
745 1246 968 1300 Romana
1007 1247 1256 1310 cognosci,
1294 1263 1405 1295 curn
1442 1263 1470 1295 e
1508 1256 1679 1295 contra

239 1322 412 1377 posset
449 1313 729 1389 Episcopus
766 1314 912 1361 certis
953 1314 1144 1362 indiciis
1186 1314 1430 1376 certsique
1472 1313 1680 1361 circum-

206 1409 210 1413 κ
245 1379 437 1428 stantiis
460 1380 511 1427 in
547 1380 823 1428 narratione
846 1381 964 1429 facti
986 1381 1219 1444 expositis
1245 1381 1350 1428 illas
1366 1380 1684 1443 distinguere.

247 1450 328 1495 30·
365 1446 494 1501 Quia
518 1447 863 1496 contrahentes
898 1449 1160 1511 aliquando
1191 1448 1382 1497 duobus
1416 1448 1680 1509 subjiciun-
1749 1505 1751 1507 ι

245 1525 327 1561 tur
354 1514 612 1578 Episcopis
648 1531 878 1580 quorum
898 1516 1021 1563 alter
1061 1524 1243 1579 potest,
1279 1516 1403 1563 aiter
1444 1530 1541 1561 non
1592 1529 1678 1576 po·

242 1591 362 1639 test,
400 1582 477 1629 vel
524 1582 647 1629 alter
687 1582 850 1640 vellet,
887 1583 1012 1631 alter
1048 1583 1219 1642 nollet,
1266 1580 1677 1646 dispensationem

242 1647 497 1713 quaesitam
534 1649 827 1696 concedere.

321 1716 518 1771 Quceres
539 1716 644 1763 14⁰.
670 1732 730 1763 an
752 1715 1030 1779 Episcopo*
1018 1733 1063 1762 in
1083 1715 1221 1763 foro
1209 1726 1400 1764 interno
1420 1724 1690 1763 recusante

246 1781 659 1846 dispensationem
698 1798 842 1845 quam
874 1783 1149 1832 concedere
1184 1792 1364 1848 potest,
1423 1782 1679 1847 Metropo-

244 1848 428 1897 litanus
453 1864 559 1897 eam
587 1848 812 1897 conferre
847 1849 1035 1912 possit?

280 1952 283 1954 >
318 1917 383 1965 R.
420 1916 651 1981 negative,
677 1916 791 1980 quia
815 1917 1113 1980 dispensatio
1148 1916 1604 1979 impedimentorum
1630 1915 1678 1961 in

249 1982 487 2031 similibus
512 1984 720 2040 casibus,
768 1999 865 2030 non
891 2000 1033 2032 secus
1057 2001 1116 2033 ac
1141 1994 1357 2048 potestas
1382 1982 1682 2038 absolvendi,

249 2050 465 2114 pertinet
489 2049 552 2098 ad
575 2051 734 2098 forum
763 2052 1047 2113 gratiosum,
1081 2062 1130 2100 et
1157 2051 1444 2099 conceditur
1471 2066 1529 2098 ex
1551 2049 1684 2097 mise·

247 2117 458 2173 ricordz'a
483 2125 526 2165 et
550 2117 790 2166 clementia
827 2118 1166 2180 dispensantis,
1202 2135 1295 2165 nec
1332 2117 1535 2180 proinde
1563 2132 1677 2163 con-

251 2184 363 2232 cedi
392 2193 555 2247 potest
580 2200 609 2231 a
636 2185 1036 2246 Metropolitan0‚
1057 2187 1119 2233 ad
1145 2202 1286 2247 quem
1314 2182 1549 2247 appellari
1575 2186 1679 2231 tan'·

253 2260 359 2297 tum
402 2260 568 2314 potest
594 2251 673 2298 ubi
700 2251 861 2313 agitur
900 2252 962 2299 de
999 2253 1157 2299 causis
1196 2252 1258 2298 ad
1292 2251 1450 2298 forum
1478 2259 1679 2297 conten-

251 2316 432 2374 tiosum
457 2318 809 2379 spectantibus.
882 2319 1029 2367 Unde
1050 2319 1088 2365 si
1127 2319 1402 2379 Episcopus
1433 2317 1682 2377 dispensa-

254 2383 439 2432 tionem
486 2383 828 2441 necessariam,
864 2401 910 2431 v.
946 2402 993 2447 g.
1040 2386 1102 2431 ad
1161 2384 1448 2431 servandum
1489 2382 1684 2445 *puellae

249 2452 488 2499 honorem
514 2451 798 2514 denegaret,
837 2452 1185 2499 recurrendum
1220 2451 1310 2497 erit
1335 2450 1396 2498 ad
1435 2450 1486 2497 S.
1513 2448 1680 2496 Ponti*-

249 2517 412 2574 fioem,
451 2518 533 2582 qui
570 2535 631 2566 ex
655 2534 743 2566 usu
769 2534 856 2581 per
897 2527 1053 2566 totum
1082 2518 1408 2565 Occidentem
1445 2525 1684 2563 consueto

252 2600 317 2632 ex
357 2585 663 2646 plenitudine
704 2586 959 2647 potestatis
998 2601 1103 2633 eam
1130 2584 1539 2646 dispensationem
1566 2598 1684 2632 con-

249 2651 430 2700 cedere
449 2652 595 2699 valet.

326 2718 518 2776 Quaeres
558 2721 668 2766 150·
704 2735 765 2766 an
805 2718 990 2780 possint
1033 2717 1268 2780 Episcopi
1305 2728 1451 2765 extra·
1491 2715 1681 2763 territo·

255 2783 378 2832 rium
436 2800 579 2832 suum
637 2786 878 2847 degentes
925 2784 1336 2847 dispensationem
1395 2784 1527 2831 iilam
1584 2781 1684 2831 suis

253 2850 563 2902 Dioecesanis
587 2852 904 2900 concedere?

317 2919 383 2966 R.
420 2919 712 2982 qffirmative,
743 2918 857 2980 quia
882 2918 1266 2981 dispensationes
1291 2917 1371 2965 ad
1388 2910 1547 2963 forum
1572 2923 1682 2978 gra-

251 2982 430 3035 tiosum
456 2995 505 3034 et
547 2986 609 3033 ad
636 2985 1025 3049 jurisdictionem
1059 2985 1380 3035 voluntariam
1416 2981 1685 3103 peginent.

1528 3064 1676 3098 uoeres
