1846 3250
248 135 348 182 438
759 136 1195 190 TRACTATUS

708 341 1117 392 ARTICULUS
1153 343 1223 390 11.

357 472 440 522 De
462 472 773 523 Matrimonii
789 477 1033 539 firmitate
1072 486 1116 525 et
1155 477 1584 527 indissolubilitate.

325 607 599 657 Dissolutio
624 611 915 659 matrimonii
941 611 1126 676 duplex
1153 611 1481 689 distinguitur,
1524 616 1687 676 quoad

257 674 504 723 vinculum
538 693 626 725 seu
661 677 839 736 foedus,
878 696 974 742 qua
1015 684 1245 742 conjuges
1281 679 1427 744 priori
1473 681 1686 728 libertati

257 744 579 790 restituuntur
616 754 668 792 ut
705 745 821 793 alias
857 747 1043 810 possint
1096 747 1217 795 inire
1270 747 1493 810 nuptias.
1529 749 1693 811 quoad

259 809 448 857 thorum
473 819 515 858 et
538 812 890 871 habitationem,
919 831 1014 877 qua
1046 819 1279 876 conjuges
1304 814 1459 862 fiunt
1449 830 1692 862 immunes

259 877 320 923 ab
356 877 735 969 obligationibus
783 881 1024 929 reddendi
1082 882 1235 930 debiti
1271 892 1322 930 et
1367 882 1509 930 simul
1555 880 1693 930 habi-

256 944 406 992 tandi.

329 1012 538 1076 Insuper
574 1013 753 1077 triplex
795 1015 1109 1079 distinguitur
1156 1016 1533 1076 matrimonium,
1569 1015 1693 1079 legi-

259 1078 450 1137 tImum,
504 1090 662 1128 ratum
719 1092 770 1129 et
818 1094 1224 1132 consummatum.
1320 1084 1690 1131 Matrimonium

258 1145 531 1209 legitimum
559 1156 634 1195 est
657 1148 777 1195 illud
804 1151 936 1212 quod
959 1150 1107 1197 initur
1135 1156 1281 1213 juxta
1318 1151 1483 1214 Leges
1525 1166 1553 1197 a
1584 1166 1695 1214 per·

260 1213 390 1261 sonis
449 1214 584 1261 nullo
645 1215 996 1279 impedimento
1052 1217 1230 1280 ligatis.
1324 1218 1693 1265 Matrimonium

259 1290 420 1329 ratum
470 1280 593 1328 illud
647 1293 723 1330 est
774 1285 907 1347 quod
965 1285 1269 1332 contrahitur
1316 1300 1344 1331 a
1392 1284 1694 1342 Christianis,

263 1348 492 1411 quodque
518 1365 580 1396 ex
609 1350 862 1412 Baptismo
901 1356 1130 1413 majorem
1174 1351 1450 1399 firmitatem
1477 1352 1692 1415 assequi-

261 1425 358 1474 tur,
396 1426 620 1465 cessante
655 1418 880 1465 nimirum
933 1419 1239 1475 infidelitate,
1293 1435 1419 1481 quae,
1469 1436 1530 1468 ex
1568 1417 1694 1467 infra

260 1482 501 1540 dicendis,
563 1484 708 1532 certis
757 1485 805 1531 in
857 1487 1048 1533 casibus
1107 1487 1250 1535 solvit
1307 1486 1692 1534 Matrimonium.

258 1550 633 1599 Matrimonium
661 1564 1049 1602 consummatum
1076 1565 1149 1603 est
1172 1553 1292 1601 illud
1319 1554 1482 1616 quod
1470 1569 1578 1618 ipso
1603 1569 1694 1602 usu

255 1617 534 1681 perfectum
559 1629 649 1666 est.

264 1715 267 1717 -
330 1684 426 1732 His
457 1685 736 1749 praelibatis,
774 1686 926 1735 multa
965 1686 1014 1734 in
1055 1688 1280 1752 praesenti
1322 1689 1533 1737 articulo
1559 1688 1693 1736 veni-

257 1761 349 1800 unt
396 1753 740 1817 expendenda.
831 1758 909 1801 10·
946 1757 1026 1802 An
1078 1755 1434 1802 matrimonium
1483 1754 1694 1818 aliquam

258 1819 539 1868 firmitatem
566 1836 652 1868 seu
678 1819 1152 1870 indissolubilitatem
1194 1823 1389 1880 habeat,
1434 1831 1484 1869 et
1521 1838 1550 1868 a
1592 1837 1691 1883 quo

251 1891 367 1948 jure
402 1887 532 1935 illam
557 1888 753 1936 habeat.
825 1891 903 1935 20·
941 1891 1023 1937 An
1062 1890 1254 1937 dissolvi
1295 1889 1477 1954 possint
1510 1889 1693 1938 Infide-

257 1953 378 2001 lium
415 1954 738 2011 matrimonia.
828 1959 906 2003 30·
943 1957 1023 2003 An
1060 1957 1364 2004 matrimonia
1405 1956 1691 2005 Judaeorum

257 2037 348 2085 per
382 2020 602 2070 libellum
636 2022 827 2087 repudii
863 2024 1182 2072 solverentur.
1277 2029 1360 2071 40·
1396 2026 1477 2070 An
1527 2022 1693 2070 matri-

257 2090 424 2137 monia
483 2089 867 2139 Christianorum
927 2092 1175 2139 solvantur
1238 2108 1323 2154 per
1380 2090 1692 2139 adulterium.

258 2159 342 2204 50·
379 2157 459 2204 An
520 2174 609 2220 per
666 2158 1013 2222 professionem
1069 2158 1343 2221 religiosam
1392 2157 1693 2205 dirimantur.

257 2222 338 2271 6⁰·
375 2223 456 2270 An
492 2224 754 2288 aliquando
803 2226 922 2273 solvi
960 2236 1141 2288 queant
1175 2224 1535 2288 dispensatione
1570 2240 1693 2287 pon-

256 2288 424 2337 tificia.
507 2292 588 2342 70·
625 2293 707 2338 An
749 2300 800 2339 et
840 2292 1015 2355 quibus
1041 2292 1103 2339 de
1128 2293 1288 2340 causis
1311 2292 1472 2356 quoad
1497 2291 1691 2340 thorum

255 2366 307 2405 et
328 2356 679 2407 habitationem
705 2358 897 2407 dissolvi
923 2358 1124 2423 possint.

257 2491 303 2557 ἓ,
344 2494 387 2539 1.
421 2489 508 2540 An
542 2491 913 2541 Matrimonium
948 2494 1118 2541 habeat
1151 2494 1368 2557 aliquam
1399 2492 1688 2555 firmitatem

267 2577 270 2579 ’
323 2575 406 2607 seu
429 2560 905 2619 indissolubilitatem‚
943 2570 988 2609 et
1007 2579 1039 2609 a
1063 2577 1158 2624 quo
1182 2562 1303 2623 jure
1326 2561 1462 2608 illam
1484 2560 1691 2608 habeat?

323 2691 526 2741 Certum
564 2704 639 2741 est
674 2694 998 2743 firmissimum
1041 2710 1163 2752 esse,
1214 2693 1311 2742 imo
1352 2692 1687 2742 indissolubile

256 2759 548 2815 matrimonii
568 2760 831 2819 vinculum,
870 2773 920 2810 et
952 2762 1150 2825 quidem
1174 2764 1297 2811 Jure
1322 2761 1484 2810 divino
1510 2777 1688 2810 secun„

258 2828 373 2874 dum
407 2826 514 2875 haec
560 2829 708 2876 verba
751 2829 929 2877 Christi
977 2829 1106 2892 apud
1162 2829 1346 2877 Matth.
1392 2832 1470 2877 19.
1502 2829 1573 2877 sic
1599 2827 1688 2877 “de

255 2893 575 2948 Matrimonio
609 2896 887 2961 loquentis:
922 2897 1055 2961 quod
1074 2896 1214 2946 Deus
1247 2896 1510 2960 conjunxit,
1547 2895 1684 2942 homo

1584 2976 1680 3008 non
