1846 3250
0 0 611 32 WWW-wrwwwffi
632 0 635 2 ·

201 188 301 234 344·
713 182 1143 234 TRACTATUS

207 315 567 383 impedimentis
592 333 707 365 vero
749 318 956 367 occultis
993 318 1260 367 recurritur
1297 316 1359 366 ad
1386 319 1632 368 Poeniten-

208 386 414 435 tiariam.
501 385 654 432 Porro
700 384 1049 449 impedimenta
1107 395 1367 435 censentur
1420 388 1634 444 occulta,

211 468 324 501 cum
362 451 495 499 nulla
530 452 718 499 ratione
771 452 963 516 probari
1016 465 1256 516 possunt;
1291 453 1368 500 vel
1405 470 1534 511 cum,
1593 454 1634 502 si

211 520 404 567 duobus
430 519 634 566 testibus
659 529 743 566 aut
768 519 920 568 tribus
944 530 1059 568 nota
1095 521 1207 578 sint,
1244 521 1429 568 nullum
1471 532 1635 569 tamen

213 596 289 635 est
314 586 566 649 probabile
591 586 932 649 divulgationis
957 587 1246 650 periculum.

233 668 235 671 ’
279 654 339 700 In
367 652 729 701 Poenitentiaria
752 670 847 701 non
888 655 1198 702 declarantur
1224 670 1338 701 vera
1375 654 1639 717 impetran-

214 719 336 768 tium
372 720 582 778 nomina,
619 721 707 768 sed
732 720 847 769 ficta
870 721 1042 778 solum,
1068 738 1112 767 v.
1137 737 1185 783 g.
1232 722 1425 778 Petrus,
1443 721 1637 778 ,Maria,

213 792 418 836 &emec
458 803 635 835 nomen
677 787 936 845 Dioecesis,
973 804 1067 836 nec
1107 786 1287 851 gradus
1322 787 1641 852 propinquior

215 854 306 903 nisi
342 854 525 918 primus
559 854 653 902 sit:
689 870 831 902 secus
869 871 984 903 vero
1018 854 1068 902 in
1122 853 1341 903 Dataria.
1432 855 1639 918 Insuper

215 922 384 970 nullae‘
420 922 469 968 in
529 920 897 970 Poenitentiaria
952 923 1207 970 solvuntur
1255 936 1501 985 expensae,
1551 922 1640 970 sed

217 989 380 1037 omnia
403 987 553 1052 gratis
577 989 933 1038 conceduntur.
1001 990 1060 1036 In
1081 988 1284 1038 Dataria
1301 1005 1418 1037 vero
1437 988 1640 1038 solvitur

215 1072 316 1104 non
355 1055 548 1104 modica
581 1056 898 1119 pecuniarum
932 1072 1119 1104 summa
1152 1056 1202 1103 in
1237 1056 1343 1120 p10s
1379 1071 1492 1104 usus
1527 1072 1556 1104 a
1590 1056 1641 1104 S.

218 1123 463 1172 Pontifice
487 1123 829 1187 impendenda.
925 1114 1031 1173 Sed
1066 1139 1290 1199 expensae
1315 1122 1525 1171 minores
1548 1124 1643 1173 sol-

219 1190 392 1240 vendae
414 1201 544 1247 sunt,
581 1206 692 1238 cum
736 1191 1032 1254 dispensatio
1055 1190 1240 1255 petitur
1276 1205 1304 1237 a
1328 1190 1643 1254 pauperibuS‚

218 1273 416 1321 unoque
442 1257 626 1306 datur
607 1275 658 1306 m
670 1261 841 1322 forma
860 1274 1136 1323 pauperum.

294 1325 484 1381 Quaeres
519 1327 588 1373 60·
626 1341 732 1387 quae
784 1325 878 1373 sint
928 1324 975 1371 in
1020 1324 1187 1373 libello
1239 1322 1446 1387 supplici
1484 1323 1642 1388 expri-

219 1392 415 1452 menda,
453 1401 509 1440 ut
542 1391 761 1456 legitima
794 1407 855 1441 ac
891 1391 1050 1441 valida
1097 1390 1392 1455 dispensatio
1427 1391 1646 1440 obtinea-

215 1471 295 1509 tur
319 1459 343 1506 p

290 1527 570 1589 Antequam
615 1526 1013 1590 respondeamus,
1072 1526 1338 1575 notandum
1391 1537 1466 1574 est
1513 1540 1644 1589 saepe·

210 1593 510 1656 ‘contingere
580 1593 965 1670 dispensationes
1027 1593 1237 1642 invalide
1295 1592 1518 1650 obtineri,
1567 1593 1645 1641 vel

218 1670 423 1726 propter
459 1659 676 1708 veritatis
712 1660 1124 1736 suppressionem,
1177 1670 1227 1707 et
1262 1669 1380 1707 tunc
1415 1660 1645 1708 dicuntur

220 1726 557 1791 subreptitiae,
589 1727 666 1775 vel
693 1736 891 1790 propter
918 1726 1281 1802 expositionem
1298 1725 1423 1782 falsi,
1449 1737 1496 1774 et
1523 1736 1641 1774 tunc

221 1794 454 1843 dicuntur
478 1793 767 1857 obreptitiae.
829 1794 943 1841 Non
959 1804 1122 1842 tamen
1142 1793 1309 1857 quavis
1329 1793 1645 1856 expressione

220 1860 332 1910 salsi
355 1870 441 1909 aut
463 1860 722 1909 reticentia
744 1860 846 1909 veri
870 1860 1132 1924 impeditur
1170 1859 1482 1923 dispensatio,
1525 1876 1644 1924 qua-

222 1938 427 1994 propter
450 1928 513 1975 ad
537 1936 800 1991 sequentes
822 1929 1016 1991 regulas
1039 1926 1390 1975 attendendum
1417 1937 1508 1975 est.

246 2023 250 2026 »
298 1999 339 2043 1.
374 1995 554 2061 regula.
616 1994 904 2059 Suppressio
956 1995 1189 2052 veritatis,
1248 2010 1391 2058 quam
1436 1999 1517 2056 jus
1569 1995 1647 2042 vel

221 2063 377 2127 stylus
405 2063 565 2111 Curiae
605 2063 840 2110 Romanae
870 2062 947 2109 vel
973 2061 1279 2110 consuetudo
1306 2061 1448 2123 jubet
1472 2059 1568 2109 ad
1557 2077 1646 2108 im-

222 2128 548 2206 pet-rationem
594 2128 965 2192 dispensationis
990 2130 1214 2206 exprimi,
1252 2127 1413 2176 reddit
1453 2127 1651 2192 dispen-

223 2196 462 2249 sationem
486 2196 824 2259 subreptitiam
857 2205 907 2242 et
949 2197 1143 2243 omnino
1185 2192 1463 2251 invalidam,
1498 2195 1646 2243 etiam

227 2262 440 2326 quando,
479 2262 650 2310 eadam
675 2261 880 2310 veritate
907 2278 1155 2325 expressa,
1192 2262 1502 2309 nihilominus
1532 2273 1649 2310 con-

226 2330 487 2379 cederetur
521 2328 693 2392 gratia.
788 2328 933 2376 Ratio
969 2339 1060 2385 est,
1104 2329 1215 2392 quia
1251 2328 1358 2376 talis
1395 2327 1646 2391 expressio

225 2397 442 2460 exigitur
465 2406 695 2460 tanquam
714 2394 871 2443 forma
894 2396 1245 2460 postulationis,
1268 2407 1317 2443 et
1341 2393 1390 2440 in
1414 2394 1509 2442 hoc
1528 2410 1647 2443 casu

227 2465 279 2513 S.
305 2463 536 2513 Pontifex
577 2462 858 2526 dispensare
897 2479 994 2510 non
1035 2462 1260 2510 intendit.
1329 2461 1492 2520 Unde,
1519 2475 1562 2509 v.
1598 2478 1647 2525 g.

226 2530 310 2596 qui
333 2531 459 2579 intra
499 2530 679 2593 gradus
718 2528 1147 2593 consanguinitatis
1185 2527 1455 2593 prohibitos
1486 2529 1650 2577 matri-

224 2597 441 2645 monium
502 2606 852 2645 contraxerunt
910 2597 1138 2655 scienter,
1176 2598 1252 2643 vel
1289 2612 1349 2644 eo
1400 2595 1560 2643 animo
1595 2604 1650 2644 ut

223 2663 414 2713 facilius
467 2663 877 2741 dispensationem
927 2664 1219 2721 obtinerent,
1279 2673 1508 2714 tenentur
1534 2663 1647 2711 illas

225 2730 615 2779 circumstantias
639 2732 687 2776 in
711 2729 1107 2795 libellosupplici
1142 2730 1364 2793 aperire;
1400 2730 1516 2778 alias
1552 2729 1646 2778 dis-

222 2796 446 2862 pensatio
471 2805 599 2845 esset
623 2796 773 2856 irrita,
811 2797 924 2861 quia
946 2798 1103 2874 stylus
1129 2797 1289 2845 Curiae
1328 2798 1563 2845 Romanae
1597 2806 1649 2845 et

223 2864 530 2914 consuetudo
555 2864 763 2927 exigunt
797 2874 850 2911 ut
889 2864 984 2912 illae
1027 2865 1404 2913 circumstantiae
1427 2863 1648 2928 aperian-

221 2941 318 2991 tur,
354 2947 448 2980 nec
472 2931 680 2979 intendit
708 2931 757 2978 S.
780 2931 1011 2981 Pontifex
1038 2947 1121 2981 eos
1147 2931 1429 2996 dispensare
1455 2930 1649 2997 quicir·

221 2999 556 3063 cumstantias
538 2998 676 3071 glas
690 2996 935 3049 omittunt.
1612 3062 1643 3108 2
