1846 3250
565 160 665 210 m:
705 156 1207 211 MA‘rmMo-NJo.
1503 142 1613 210 5023

247 293 441 361 Quaeres
466 294 544 344 4⁰·
580 294 698 360 quid
723 292 1032 345 sentiendum
1074 294 1136 344 sit
1171 292 1235 376 de
1259 293 1472 358 tactibus
1496 294 1609 343 obs-

173 362 326 409 coenis
351 362 477 410 inter
503 364 775 426 conjuges?

241 429 309 479 R.
347 429 634 478 Sambovius
676 445 735 479 ea
775 429 839 478 de
880 444 934 477 re
976 428 1229 478 consultus
1276 422 1494 494 reposuit
1531 433 1607 478 10·

171 504 333 543 tactus
391 495 693 554 inhonestOS,
752 497 791 545 si
839 507 1169 545 exerceantur
1223 512 1336 545 cum
1385 497 1608 561 periculo

168 562 469 626 pollutionis,
506 579 613 612 esse
638 575 847 628 peccata
869 563 1084 612 lethalia.
1127 566 1174 612 2.
1199 563 1299 612 Eos
1325 565 1605 613 nullatenus

168 645 278 678 esse
318 639 543 694 peccata,
580 631 619 679 si
660 632 846 696 absque
885 631 1167 694 pollutionis
1208 631 1429 696 periculo
1468 632 1607 681 adhi-

168 697 379 745 beantur
425 709 481 746 ut
526 699 788 748 necessarii
835 698 899 746 ad
958 714 1097 747 usum
1147 699 1458 755 matrimonii,
1510 713 1606 749 nec

170 780 322 827 pravo
362 764 460 813 fine
498 765 633 823 fiant,
671 766 786 829 quia
823 768 1058 829 conjuges
1098 766 1392 815 tendunt-ad
1419 766 1605 831 aliquid

168 831 445 880 honestum.
518 832 568 880 Si
594 843 756 881 tamen
783 849 1013 897 perverso
1039 834 1237 891 motivo,
1264 850 1307 880 v.
1326 850 1373 897 g·
1401 845 1604 899 propter

166 899 471 962 voluptatem
511 911 857 956 exerceantur,
894 910 1007 948 sunt
1051 901 1210 964 culpae
1249 901 1481 959 veniales,
1516 902 1607 950 eti-

169 966 289 1013 amsi
314 966 376 1014 ad
402 967 759 1023 matrimonium
787 967 1107 1016 ordinentur.v
1161 970 1242 1015 30·
1270 968 1319 1015 Si
1345 984 1441 1014 non
1466 968 1606 1016 adhi-

169 1034 378 1081 beantur
419 1034 467 1081 in
506 1035 677 1083 ordine
707 1035 770 1082 ad
813 1051 952 1082 usum
995 1033 1304 1091 matrimonii,
1341 1051 1435 1084 nec
1478 1036 1605 1085 adsit

168 1100 449 1163 pollutionis
491 1101 784 1164 periculum,
819 1111 933 1149 sunt
979 1103 1139 1165 culpae
1185 1102 1414 1159 veniales,
1456 1108 1605 1165 juxta

168 1168 396 1216 eumdem
419 1169 708 1227 Doctorem,
751 1184 897 1233 quem
941 1180 1210 1231 sequuntur
1234 1170 1317 1217 alii
1342 1171 1603 1235 Theologi,

169 1233 253 1298 qui
294 1244 458 1282 tamen
506 1237 803 1285 confitentur
843 1252 950 1284 esse
992 1236 1227 1299 quosdam
1270 1247 1432 1286 tactus
1477 1238 1604 1288 adeo

166 1311 336 1365 turpes
378 1312 428 1351 et
465 1302 669 1351 infames
713 1314 769 1352 ut
791 1319 820 1351 a
845 1304 1036 1352 mortali
1073 1304 1300 1354 excusari
1337 1317 1602 1370 nequeant,

166 1368 267 1418 sive
292 1369 355 1418 ad
380 1370 738 1419 matrimonium
754 1371 1057 1431 referantur,
1092 1372 1200 1421 sive
1225 1388 1339 1420 non.

169 1503 217 1566 §-
244 1460 290 1552 3.
332 1505 411 1557 De
434 1506 744 1556 Matrimonii
775 1506 1007 1571 ffclibus
1046 1514 1093 1556 et
1131 1507 1507 1572 dispositionibus
1539 1509 1608 1558 ad

485 1572 606 1622 illud
636 1575 1001 1623 contrahendum
1035 1576 1288 1641 requisitis.

233 1707 359 1755 Cum
401 1707 545 1767 hujus
571 1704 835 1755 Tractatus
877 1708 1084 1753 exordio
1127 1671 1499 1768 comprobatum
1537 1705 1603 1756 sit

163 1771 535 1819 Matrimonium
586 1788 693 1820 esse
740 1773 1129 1830 Sacramentum,
1182 1772 1297 1820 inde
1338 1774 1601 1836 probatum

164 1848 331 1886 manet
369 1838 488 1886 illud
527 1838 713 1890 Gratiae
755 1839 1087 1903 producendae
1127 1839 1357 1888 virtutem
1400 1839 1601 1890 habere.

165 1905 339 1954 Gratia
362 1921 477 1954 vero
506 1922 650 1970 quam
691 1906 921 1970 producit
955 1923 1052 1954 non
1092 1917 1165 1955 est
1191 1907 1364 1972 Gratia
1387 1907 1602 1956 sanctifi-

165 1989 282 2021 cans
324 1974 479 2036 prima
520 1990 629 2037 quae
667 1979 854 2036 justum
910 1973 1047 2032 facit,
1093 1975 1180 2023 sed
1228 1975 1446 2023 secunda
1492 1992 1603 2039 quae

160 2040 394 2100 justitiam
421 2051 587 2103 auget,
625 2057 737 2090 cum
763 2057 860 2089 non
897 2042 959 2089 sit
987 2042 1360 2092 Sacramentum
1385 2054 1604 2092 mortuo·-

163 2123 269 2156 rum
296 2108 384 2155 sed
408 2109 643 2156 vivorum.
714 2110 795 2157 De
813 2109 871 2157 iis
900 2109 1035 2157 nulla
1060 2109 1409 2163 controversia.

242 2175 438 2233 Quaeres
467 2181 542 2223 10·
580 2176 775 2239 quinam
818 2176 881 2224 sit
921 2177 1108 2225 Gratiae
1155 2177 1503 2226 sanctificantis
1552 2176 1601 2225 in
1643 2211 1646 2220 «

163 2242 479 2290 matrimonio>
510 2244 702 2291 collatae
742 2244 964 2303 effectus,
1000 2260 1089 2293 seu
1138 2244 1425 2308 quibusnam
1464 2245 1601 2294 malis

161 2308 245 2357 illa
271 2310 444 2358 Gratia
469 2310 762 2361 medeatur?

230 2376 297 2425 R.
333 2387 559 2425 constare
588 2394 653 2425 ex
680 2380 920 2426 Tractatu
962 2377 1025 2426 de
1071 2378 1400 2431 Sacramentis
1441 2378 1490 2426 in
1515 2396 1603 2444 ge-

161 2459 279 2495 nere
307 2444 527 2491 Gratiam
561 2446 964 2493 sacramentalem
992 2461 1098 2494 esse
1132 2451 1213 2508 jus
1250 2446 1508 2494 fundatum
1550 2448 1600 2495 in

163 2510 334 2558 Gratia
373 2511 729 2569 sanctificante,
766 2522 819 2560 ut
853 2523 1075 2576 tempore
1121 2523 1399 2577 opportuno
1425 2514 1603 2578 recipi-

161 2588 305 2624 antur
340 2577 517 2626 auxilia
559 2578 735 2642 quibus
774 2580 982 2628 obtineii
1018 2581 1206 2641 possint
1241 2581 1363 2628 fines
1389 2582 1449 2629 ad
1477 2598 1599 2646 quos

160 2645 435 2691 institutum
474 2654 549 2693 est
589 2647 975 2696 Sacramentum.
1048 2650 1173 2697 Cum
1213 2648 1380 2711 itaque
1424 2650 1604 2697 Matri-

162 2711 309 2758 monii
339 2712 706 2760 Sacramentum
740 2714 1014 2763 institutum
1059 2716 1120 2763 sit
1152 2719 1224 2762 10·
1266 2727 1320 2763 ut
1364 2721 1600 2779 conjuges

162 2793 270 2825 sese
296 2788 465 2827 mutuo
492 2779 713 2842 diligant,
750 2779 945 2829 mutuas
988 2782 1292 2831 infirmitates
1333 2783 1600 2846 preferant,

164 2847 240 2891 2⁰·
280 2856 333 2892 ut
357 2846 542 2908 prolem
570 2847 780 2897 habeant
806 2866 911 2913 quae
939 2848 986 2895 in
1022 2850 1123 2898 Dei
1158 2850 1333 2897 timore
1376 2850 1599 2898 institua-

163 2920 275 2971 tur,
296 2929 505 2986 quaeque
542 2925 748 2975 crescat,
786 2916 1027 2982 proficiat,
1065 2918 1200 2966 etad
1226 2928 1453 2966 aeternam
1491 2917 1613 2965 feli·

1395 2984 1596 3033 citatem
