1846 3250
525 134 625 184 DE
661 133 1164 191 MATRIMONIO.
1486 134 1584 187 421

160 293 162 296 ·
223 271 305 319 40·
337 265 678 323 Certissimum
733 287 928 334 quoque
977 278 1054 318 est
1112 283 1219 316 eam
1256 267 1397 331 Lege
1439 283 1591 317 .-evan

155 331 317 399 getica
362 337 512 390 fuisse
557 337 868 399 prohibitam,
914 338 1188 400 meritoque
1223 352 1354 387 nunc
1391 335 1595 399 culpan-

158 404 290 456 dam·
370 404 487 463 Tria
511 404 616 452 haec
641 406 913 468 posteriora
936 406 1039 452 sine
1076 404 1230 451 multo
1255 403 1421 451 labore
1446 404 1594 451 stabi-

130 470 354 524 -lientur⁸
441 460 541 521 Sed
562 473 881 536 aperiendum
920 484 995 525 est
1032 470 1326 533 „anteaquid
1351 471 1415 520 de
1439 470 1594 534 prima

158 538 425 599 quaesti'one
449 540 733 592 sentiamus.

626 654 1052 726 PRQPOSITIO
1076 672 1140 723 11.

164 806 448 862 Simultanea
473 826 666 862 uxorum
703 809 958 874 pluralitas
999 809 1123 873 Legi
1155 807 1365 861 naturali
1387 807 1593 859 absolute

668 896 761 931 nan
793 879 1086 931 adversatur.

227 1009 375 1064 Proh.
435 1013 496 1058 10‘
551 1009 698 1063 Quod
747 1010 871 1074 Legi
932 1009 1140 1063 naturali
1188 1009 1473 1059 adversatur
1526 1026 1591 1058 ex

157 1087 333 1128 natura
369 1093 459 1131 sua
495 1078 674 1131 malum
728 1076 830 1136 ast,>
875 1093 980 1126 nec·
1027 1087 1191 1141 potest
1228 1093 1440 1140 unqua-m
1487 1077 1593 1125 fieri

159 1143 382 1195 licitum:
441 1141 590 1206 atqui*
627 1145 735 1193 talis
784 1162 880 1193 non
936 1157 1009 1194 est
1045 1145 1336 1194 simultanea
1381 1162 1591 1198 uxorum
1636 1169 1639 1172 >

158 1212 427 1273 pluralitas,
464 1229 576 1259 cum
604 1224 741 1264 certo
783 1224 976 1263 constet
1020 1213 1184 1261 Deum
1223 1213 1354 1259 illam
1383 1213 1594 1260 Patriar-

159 1277 264 1335 cli-is
289 1279 563 1341 permisisse
589 1279 636 1325 in
663 1281 816 1331 veteri
857 1282 1194 1337 Testamento,
1238 1291 1291 1327 ut
1325 1280 1618 1334 videbimus.

159 1345 208 1391 in
236 1346 378 1393 tertia
404 1347 752 1410 propositione.

232 1414 381 1467 Certe
417 1430 512 1461 non
568 1415 817 1467 cohaerent
867 1431 1035 1465 secum
1091 1414 1299 1469 invicem
1350 1414 1593 1478 Theologi

139 1496 280 1542 „quos
306 1480 587 1536 refellimus,
625 1498 735 1529 cum
777 1483 988 1535 doceant
1030 1499 1093 1534 ex
1136 1498 1231 1535 una
1262 1492 1402 1545 parte
1429 1484 1592 1531 Deum

159 1563 189 1597 a
226 1559 411 1600 naturae
446 1550 705 1612 praeceptis
741 1566 836 1598 non
873 1567 1016 1613 posse
1052 1550 1347 1612 dispensare⁴
1388 1560 1438 1601 et
1477 1566 1595 1598 con-

160 1616 365 1670 tendant
400 1631 464 1663 ex
524 1617 679 1664 altera
730 1628 869 1680 parte
922 1619 1086 1669 Deum
1135 1632 1248 1668 cum
1299 1616 1595 1666 Patriarchis

158 1683 292 1735 circa
349 1682 675 1747 polygamiam
730 1684 1052 1748 dispensasse,
1098 1683 1218 1733 licet
1263 1683 1396 1737 illam
1442 1684 1595 1733 velint

159 1748 299 1812 Lege
329 1750 536 1801 naturali
560 1751 868 1813 prohibitam.

230 1820 311 1869 20·
348 1817 474 1870 Illud
502 1818 628 1880 Legi
655 1818 861 1872 naturali
887 1835 983 1866 non
1028 1828 1288 1881 “mugi-at,
1331 1818 1462 1884 quod
1498 1834 1593 1867 nec

160 1884 397 1946 primariis
421 1900 514 1932 nec
545 1886 847 1937 secundariis
889 1886 1181 1933 matrimonii
1221 1885 1397 1939 finibus
1422 1886 1594 1934 adver-

159 1961 330 2003 satur:
384 1953 517 2015 atqui
564 1951 852 2005 simultanea
911 1969 1119 2007 uxorum
1185 1952 1434 2015 pluralitas
1499 1969 1593 2003 nec

159 2018 397 2081 primariis
444 2035 538 2070 nec
593 2020 893 2071 secundariis
950 2021 1240 2074 matrimonii
1289 2020 1464 2070 finibus
1510 2021 1595 2070 ad·

160 2098 395 2137 versatur.
494 2090 569 2137 10·
623 2088 834 2141 Quidem
888 2102 985 2135 non
1022 2088 1307 2141 adversatur
1355 2088 1593 2151 primariis

160 2154 453 2210 matrimonii
487 2154 679 2211 finibus,
735 2156 926 2207 scilicet
976 2155 1237 2209 liberorum
1287 2156 1591 2218 generationi
1669 2153 1671 2155 ’

162 2235 429 2285 eorumque
489 2238 718 2284 congruae
777 2222 1073 2275 educationi.
1158 2223 1296 2274 Unus
1355 2224 1484 2271 enim
1544 2233 1595 2275 et

160 2286 290 2340 idem
317 2291 388 2339 vir
410 2290 719 2353 expluribus
761 2290 1043 2343 mulieribus
1086 2301 1249 2352 potest
1290 2289 1416 2342 filios
1440 2292 1594 2338 susci-

159 2370 293 2416 pere,
315 2356 484 2421 >iisque
521 2356 807 2412 educandis,
843 2370 1081 2421 recteque
1122 2357 1432 2405 instituendis
1463 2358 1593 2407 suffi-

159 2437 293 2476 cere,
329 2423 457 2471 sicut
509 2424 751 2486 Magister
810 2425 888 2472 cui
944 2425 1242 2471 diversarum
1299 2425 1591 2475 familiarum

159 2488 300 2540 lineri
338 2490 726 2541 committuntur.
816 2493 890 2538 20·
945 2492 1053 2542 Nec
1100 2491 1417 2548 secundariis,
1458 2493 1592 2540 vide-

162 2555 290 2603 licet-
327 2558 436 2621 paci
490 2570 541 2607 et
590 2557 923 2620 tranquillitati
973 2558 1271 2612 domesticae·
1359 2562 1592 2615 Quamvis

165 2625 291 2671 enim
329 2641 557 2688 magnum
594 2641 716 2689 opus
751 2626 812 2676 sit
854 2626 1116 2689 aliquando
1152 2642 1281 2679 cum
1303 2643 1459 2683 uxore
1495 2644 1592 2675 una

163 2706 334 2751 pacem
372 2692 690 2741 domesticam
740 2709 950 2750 servare,
1010 2709 1107 2740 non
1160 2694 1271 2748 ideo
1308 2695 1590 2758 conjugium

161 2757 384 2810 illicitum
410 2770 484 2810 est
508 2776 567 2807 ac
590 2760 699 2810 Juri
737 2762 943 2813 naturali
987 2761 1299 2817 contrarium,
1338 2763 1451 2825 quia
1492 2762 1588 2811 hoc

162 2824 329 2877 vitium
367 2839 440 2877 est
477 2827 659 2885 uxoris,
696 2844 791 2877 non
829 2829 1059 2892 conjugii.
1132 2829 1207 2882 Ita
1242 2829 1438 2892 pariter,
1472 2828 1590 2876 licet

138 2890 364 2945 difficile
414 2894 476 2943 sit
534 2910 644 2948 cum
704 2895 924 2964 pluribus
994 2896 1228 2951 ,uxoribus
1269 2895 1589 2951 concordiam

1420 2962 1586 3011 fovere
