1846 3250
218 163 319 210 204.-
710 163 1134 216 TRA‘CTATUS

645 326 1066 414 PRoPosmo
1109 360 1199 408 1v.
1261 432 1263 435 ,

230 490 486 555 Virginitas
527 509 615 556 pro
657 493 763 543 Deo
798 504 1006 561 suscepta
1047 496 1221 563 nuptiis
1257 504 1323 545 est
1369 495 1527 546 melior
1574 513 1630 546 ac

683 604 694 616 ,
771 563 1071 612 excellentior.

282 691 429 744 Prob-
459 697 534 742 10.
566 696 747 745 Matth.
777 700 853 748 19.
883 701 959 745 10.
1003 699 1228 763 Apostoli
1270 715 1416 748 onera
1454 699 1627 748 Matri-

217 762 363 808 monii
389 765 719 829 contemplati‚
755 766 797 813 si
832 767 898 815 ita
934 775 1016 824 est,
1052 768 1287 829 inquiunt,
1324 784 1460 815 causa
1486 768 1627 816 homi-

214 830 287 878 nis
310 847 409 879 cum
432 850 588 889 uxore,
624 851 716 881 non
748 835 927 898 expedit
969 835 1172 884 muheres
1210 851 1413 898 quorum
1453 833 1624 883 Domi·

214 913 305 945 nus
338 900 625 948 sententiam
680 902 984 961 confirmans,
1034 903 1275 967 replicat:
1323 905 1435 951 Non
1472 918 1627 950 omnes

215 966 406 1031 capiunt
450 969 631 1017 verbum
667 970 804 1026 istud,
858 972 941 1019 sed
979 972 1139 1036 quibus
1181 972 1338 1021 datum
1380 978 1474 1019 est:
1518 978 1627 1018 sunt

211 1035 333 1081 enim
356 1036 555 1086 eunuchi
587 1039 669 1102 qui
707 1040 765 1086 de
799 1039 963 1087 matris
999 1047 1130 1088 utero
1161 1042 1227 1087 sic
1267 1039 1368 1089 nati
1400 1046 1542 1087 sunt:
1578 1044 1624 1084 et

213 1109 323 1149 sunt
361 1105 557 1153 eunuchi
592 1107 673 1171 qui
680 1109 829 1169 ficta
869 1114 977 1155 sunt
1005 1107 1063 1155 ab
1102 1107 1356 1157 hominibus
1382 1127 1400 1155 .·
1436 1115 1494 1153 εἰΓ
1516 1112 1627 1159 sunt

213 1171 410 1220 eunuchi
443 1174 524 1237 qui
556 1191 606 1221 se
661 1175 785 1237 ipsos
834 1184 1153 1224 castraverunt
1203 1182 1398 1240 propter
1430 1189 1622 1238 regnum

218 1232 483 1288 Coelorum:
520 1242 601 1305 qui
630 1250 784 1305 potest
806 1259 984 1306 capere,
1021 1242 1191 1307 capiat.
1260 1241 1406 1291 Unde
1447 1242 1517 1289 sic
1552 1255 1624 1287 ar-

212 1321 327 1366 guo.
398 1307 490 1355 Ille
535 1319 690 1357 status
728 1319 802 1357 est
840 1309 1155 1358 Matrimonio
1196 1309 1459 1374 perfectior
1481 1323 1625 1370 quem

214 1372 434 1423 Christus
474 1377 711 1441 approbat
751 1394 850 1441 prae
891 1377 1221 1435 Matrimonio‚
1265 1390 1315 1426 et
1354 1394 1441 1441 per
1475 1391 1621 1440 quem

208 1440 399 1491 facilius
424 1444 673 1493 obtinetur
690 1462 892 1508 regnum
921 1446 1198 1497 Coelorum.
1270 1446 1426 1509 Atqui
1462 1442 1624 1493 Chris-

211 1518 289 1556 tus
325 1510 392 1558 ibi
429 1528 529 1576 prae
569 1514 883 1562 Matrimonio
924 1514 1249 1578 virginitatem
1284 1513 1534 1578 approbat,
1571 1522 1624 1559 et

211 1575 430 1627 declarat
467 1592 555 1642 per
593 1582 724 1630 illam
750 1598 953 1646 regnum
998 1583 1245 1633 Coelorum
1286 1581 1475 1630 facilius
1499 1579 1624 1628 obti-

206 1644 327 1693 neri.
396 1646 522 1711 Ego,
547 1653 636 1699 ὅτε.

280 1714 354 1761 20.
393 1715 443 1762 S.
469 1717 650 1765 Paulus
696 1721 738 1765 1.
779 1717 997 1766 Corinth.
1037 1720 1084 1771 7.
1126 1719 1171 1768 7.
1218 1717 1326 1767 Volo
1367 1734 1519 1766 omnes
1542 1731 1621 1763 vos

211 1798 320 1839 esse,
344 1784 464 1832 sicut
487 1801 557 1832 me
578 1786 741 1851 ipsum,
778 1802 954 1850 nempe
979 1785 1297 1836 continentes.
1373 1785 1431 1832 ld
1457 1793 1620 1832 autem

209 1864 307 1896 non
332 1852 609 1901 consuleret
634 1853 765 1918 quod
779 1870 885 1908 non
909 1863 1106 1917 putaret
1128 1869 1236 1902 esse
1258 1851 1446 1901 melius.

279 1921 357 1966 3⁰.
392 1920 503 1968 lbid
543 1938 589 1968 v.
625 1925 705 1969 38.
745 1923 837 1977 Qui
869 1923 1178 1971 Matrimonz'o
1196 1921 1363 1987 jungit
1382 1920 1620 1985 virginem,

206 1985 430 2050 benefecit
451 2009 469 2037 .·
506 1997 550 2037 et
584 1990 667 2056 qui
699 2008 792 2039 non
811 1991 997 2056 jungit,
1049 1988 1214 2039 melius
1243 1990 1393 2054 facit.
1487 1987 1621 2050 Ergo

205 2053 453 2117 virginitas
477 2057 744 2106 meliorest
770 2058 1101 2107 Matrimonio.
1619 2090 1623 2094 .

274 2128 353 2171 40.
392 2124 518 2172 Ibid.
543 2142 587 2173 v.
614 2129 694 2173 32.
736 2126 828 2182 Qui
867 2126 966 2174 sine
1002 2144 1142 2176 uxore
1181 2134 1263 2183 est,
1298 2123 1518 2174 sollicitus
1552 2130 1621 2170 est

207 2206 312 2255 quae
344 2191 547 2241 Domini
578 2202 699 2250 sunt,
736 2196 956 2259 quomodo
996 2194 1185 2256 placeat
1225 2193 1332 2242 Deo
1353 2213 1370 2241 .·
1418 2198 1504 2260 >qui
1537 2207 1622 2238 au-

205 2266 297 2305 tem
330 2277 432 2307 cum
468 2277 614 2309 uxore
647 2269 728 2319 est,
786 2259 1004 2309 sollicitus
1041 2269 1108 2309 est
1147 2279 1252 2327 quoe
1301 2267 1408 2308 sunt
1442 2258 1618 2315 mundi,

209 2329 432 2390 quomodo
457 2327 648 2391 placeat
685 2329 832 2385 uxori,
885 2338 928 2377 et
976 2329 1153 2376 divisus
1185 2336 1265 2376 est.
1352 2326 1500 2383 Unde
1531 2324 1618 2372 sic.

207 2392 477 2444 Ille'status
506 2396 769 2460 perfectior
806 2405 896 2453 est,
933 2413 1078 2462 quem
1119 2395 1199 2459 qui
1238 2394 1616 2458 amplectuntur,

208 2463 512 2513 sollicitiores
553 2474 663 2512 sunt
711 2466 929 2528 'cogitare
978 2481 1086 2528 quae
1138 2462 1335 2511 Domini
1395 2471 1523 2519 sunt,
1565 2470 1618 2508 et

206 2531 402 2592 placere
447 2533 574 2581 Deo.
643 2534 799 2597 Atqui
827 2538 967 2596 juxta
993 2532 1358 2596 Apostolorum,
1395 2529 1476 2594 qui
1513 2528 1623 2577 sine·

210 2614 365 2647 uxore
389 2610 478 2657 est,
515 2601 766 2649 sollicitior
790 2612 863 2649 est
887 2599 1102 2664 cogitare
1143 2615 1251 2665 quae
1286 2597 1483 2647 Domini
1507 2608 1622 2645 sunt

208 2678 260 2713 et
282 2666 478 2731 placere
514 2669 643 2728 Deo,
680 2684 826 2733 quam
860 2669 943 2733 qui
977 2684 1089 2717 cum
1121 2683 1276 2716 uxore
1313 2677 1406 2719 est.
1464 2666 1616 2730 Ergo,

208 2738 298 2782 ὅτε.
1605 2760 1611 2764 -

278 2803 359 2852 50.
397 2802 535 2850 Idem
572 2812 761 2851 constat
808 2820 872 2853 ex
922 2804 1011 2852 SS.
1059 2803 1161 2852 PP.
1208 2803 1287 2866 qui
1334 2799 1618 2866 virginitatis

208 2886 356 2935 supra
396 2870 761 2919 Matrimonium
803 2871 1144 2920 excellentiam
1185 2872 1234 2919 in
1280 2870 1482 2934 Scriptis
1520 2868 1615 2916 suis

179 2971 185 2976 .
210 2939 382 2988 millies
407 2938 821 2988 commendarunt.

386 2999 389 3002 ’
1291 3002 1616 3055 Tertullianus

754 3115 771 3149 ,ἢ
