1852 3250
719 158 813 208 DE
853 157 1145 219 oitDINE.
1580 156 1644 223 1¹.

296 297 352 345 R.
393 295 628 353 Gratiam,
665 311 759 356 que
786 293 1046 341 Timotheo
1073 292 1250 340 collata
1273 291 1467 354 legitur,
1492 290 1642 340 fuisse

226 363 624 417 sanctificantem.
673 362 850 410 Paulus
875 361 1000 410 enim
1029 364 1077 409 2.
1107 361 1320 409 Timoth.
1352 365 1393 408 l.
1421 359 1644 408 Gratiam

226 432 473 493 explicans
502 448 609 497 quae
635 430 901 478 Timotheo
921 447 1008 493 per
1031 428 1386 493 impositionem
1412 445 1644 476 manuum

224 500 339 553 data
374 510 519 558 esset,
556 500 684 550 illam
722 498 934 563 appellat
971 499 1186 563 spiritum
1230 498 1419 546 virtutis
1443 496 1484 554 85
1507 496 1644 546 dilec-

222 568 375 617 tionis.
446 568 616 617 Gratia
657 578 820 616 autem
856 566 1137 614 'dilectionis
1176 576 1248 613 est
1291 564 1464 624 Gratia
1504 581 1643 614 sanc-

222 635 411 693 tificans
443 653 530 702 per
567 635 799 701 Spiritum
840 637 1072 684 Sanctum
1116 633 1288 682 diffusa
1323 633 1371 681 in
1412 631 1649 682 cordibus

221 704 413 752 nostris.

292 774 374 820 Ad
412 776 452 821 l.
495 761 687 821 Nomen
731 771 1050 828 charismatis,
1099 770 1316 834 quamvis
1356 769 1641 835 frequenter

225 841 353 902 apud
400 841 602 889 Paulum
629 840 872 904 significet
911 840 1127 888 Gratiam
1155 839 1303 903 gratis
1328 838 1507 896 datam,
1543 855 1641 886 non

224 918 385 956 tamen
410 909 478 957 ita
496 926 603 956 raro
612 909 758 973 apud
775 908 1000 957 eumdem
1026 908 1264 971 accipitur
1288 907 1350 955 ad
1366 907 1642 971 significan-

223 976 331 1023 dam
353 977 570 1025 Gratiam
596 977 997 1034 sanctificantem,
1025 994 1181 1039 eoque
1205 993 1348 1023 sensu
1369 975 1638 1041 nuncupari

224 1044 371 1093 debet
414 1047 555 1093 Rom.
581 1049 628 1094 6.
662 1063 707 1094 v.
744 1048 825 1094 23.
862 1046 1033 1094 Gratia
1084 1044 1369 1110 (charisma)
1422 1045 1520 1093 Dei
1543 1045 1640 1094 vita

221 1120 409 1161 aeterna.
448 1115 526 1162 Ita
550 1115 695 1162 etiam
721 1116 737 1161 1
774 1116 887 1164 Cor.
913 1118 958 1164 7.
984 1131 1027 1161 v.
1053 1115 1099 1164 7.

235 1219 237 1221 .
270 1182 374 1230 Ad·
423 1184 474 1229 ’2.
532 1182 745 1231 Tametsi
800 1183 1157 1232 concederetur
1215 1180 1435 1229 Gratiam
1490 1179 1639 1244 gratis

221 1248 383 1297 datam
428 1250 688 1299 Timotheo
731 1262 847 1300 tunc
885 1250 1034 1299 fuisse
1081 1250 1324 1307 collatam,
1380 1266 1475 1296 non
1524 1249 1640 1296 inde

219 1329 503 1380 sequeretur
528 1319 571 1366 ei
598 1320 758 1368 datam
784 1336 880 1367 non
903 1319 1052 1367 fuisse
1078 1318 1296 1369 Gratiam
1333 1318 1641 1377 sanctificans

221 1395 337 1434 tem.
413 1387 513 1434 Etsi
550 1387 676 1435 enim
705 1387 927 1450 Apostoli
964 1386 1011 1433 in
1037 1387 1114 1435 die
1141 1386 1460 1434 Pentecoste‘s
1495 1402 1639 1433 acce-

220 1452 380 1516 perint
421 1455 548 1502 dona
575 1454 780 1519 Spiritus
809 1454 990 1513 Sancti,
1028 1454 1155 1502 dona
1191 1454 1480 1517 linguarum,
1529 1469 1639 1517 pro-

218 1521 412 1583 phetiae‚
448 1522 807 1581 miraculorum,
855 1539 951 1571 non
993 1522 1108 1570 inde
1146 1521 1310 1586 colligi
1351 1531 1515 1586 potest
1551 1537 1637 1570 eos

221 1589 440 1637 Gratiam
466 1591 850 1639 sanctificantem
877 1607 973 1638 non
999 1590 1265 1654 accepisse.

288 1658 438 1706 Addo
480 1660 864 1708 c'ommuniorum
905 1675 965 1708 ac
998 1655 1265 1716 'veriorem,
1325 1667 1379 1706 ut
1424 1658 1635 1718 videtur,

216 1725 665 1790 interpretationem
701 1744 825 1784 esse,
861 1744 949 1792 per
973 1727 1277 1793 prophetiam
1314 1726 1393 1775 hic
1417 1743 1516 1776 non
1538 1727 1639 1791 sig-

217 1794 401 1843 nificari
440 1795 666 1844 effectum
711 1795 1058 1853 Ordinationis,
1095 1796 1182 1844 sed
1218 1811 1411 1843 causam
1436 1806 1639 1860 propter

219 1879 361 1925 quam
390 1864 567 1913 Paulus
588 1864 915 1913 Timot·heum
928 1864 1182 1920 ordinavit,
1208 1880 1385 1927 nempe
1409 1864 1636 1913 revelati-

218 1947 357 1978 onem
384 1932 427 1979 ei
452 1933 629 1980 factam
655 1943 709 1981 ut
729 1932 1076 1981 Timotheum
1064 1949 1112 1980 in
1142 1931 1437 1996 Episcopum
1464 1949 1637 1982 conse-

219 2010 393 2056 craret,
431 2001 555 2048 adeo
599 2010 651 2048 ut
692 2017 861 2049 sensus
898 2001 974 2057 sit,
1013 2001 1109 2049 noli
1146 2000 1381 2066 negligere
1416 2001 1635 2050 Gratiam

218 2068 322 2131 φατε
345 2069 455 2116 data
479 2077 546 2117 est
562 2069 654 2117 tibi
681 2087 769 2135 per
796 2069 1104 2136 prophetiam,
1141 2068 1192 2116 id
1216 2080 1316 2126 est,
1333 2079 1422 2126 est,
1450 2084 1637 2123 secun·-

219 2134 333 2218 (lum
360 2135 662 2199 prophetiam
688 2154 774 2185 seu
800 2138 1147 2187 tevelationem
1173 2137 1285 2186 mihi
1310 2137 1510 2186 factam.

257 2204 437 2269 Oojec.
458 2207 537 2252 30·
562 2205 930 2254 Sacramentum
948 2206 1309 2270 quodcumque,
1330 2215 1629 2270 praeceptum

215 2287 279 2318 ex
305 2282 442 2335 parte
468 2273 564 2321 Dei
590 2274 652 2321 de
677 2283 814 2322 certo
838 2273 950 2323 ritu
945 2275 1005 2322 in
1030 2285 1323 2338 perpetuum
1350 2275 1632 2324 exercendo

214 2339 446 2403 requirit.
495 2342 628 2405 atqui
653 2342 837 2390 nullum
863 2342 1153 2407 hujusmodi,
1192 2353 1425 2408 quantum
1451 2343 1513 2391 ad
1539 2344 1634 2429 Or-

213 2407 405 2475 (linem,
431 2409 526 2457 Dei
553 2410 832 2458 mandatum
857 2422 1036 2460 exstat.
1073 2412 1222 2474 Ergo,
1248 2416 1338 2460 &c-

242 2476 762 2526 R.10·mandatum
787 2479 934 2537 istud,
970 2479 1009 2527 si
1036 2495 1130 2526 non
1157 2479 1203 2526 in
1233 2478 1514 2542 Scripturis‚
1538 2479 1633 2527 sal-

214 2552 312 2598 tem
338 2553 532 2594 exstare.
555 2546 604 2593 in
630 2546 930 2605 Traditione‚
970 2563 1078 2611 quae
1103 2564 1198 2595 non
1235 2557 1397 2612 potest
1423 2547 1632 2596 Ordina

211 2611 403 2659 tionem
416 2612 576 2662 inter
593 2615 928 2665 Sacramenta
958 2631 1255 2676 recensere,
1285 2615 1375 2664 nisi
1415 2616 1630 2671 divinum

213 2679 491 2728 mandatum
516 2682 774 2746 exprimat.
1623 2724 1626 2727 ,
1670 2685 1671 2688 ’

281 2747 344 2794 R.
383 2749 462 2793 20·
499 2751 777 2799 mandatum
819 2750 947 2799 istud
990 2752 1334 2816 aequivalenter
1365 2738 1422 2800 in
1467 2751 1631 2830 Script-

213 2812 332 2861 turis
372 2827 582 2866 exstare.
657 2818 879 2868 Christus
917 2820 1044 2868 enim
1083 2821 1301 2888 Gratiam
1336 2819 1630 2885 impositioni

214 2893 440 2930 manuum
479 2896 740 2935 annectere
782 2904 876 2936 non
917 2888 1094 2952 potuit,
1149 2889 1263 2954 quin
1306 2891 1454 2938 vellet
1494 2889 1630 2938 illum

213 2949 369 3003 ritum
395 2952 653 3009 observari.
714 2955 855 3005 Licet
882 2956 1030 3023 igitur
1053 2973 1297 3021 expresse
1323 2974 1420 3005 non
1451 2955 1631 3007 dixerit

1404 3032 1408 3046 ¹
1515 3032 1516 3035 ’
1575 3024 1628 3072 in
