1846 3250
522 154 620 204 DE
656 150 1163 211 MATRIMONIO.
1464 152 1568 209 235

206 283 442 331 Attamen
468 295 579 327 cum
608 278 773 343 opinio
815 294 983 334 eorum
1022 278 1103 343 qui
1146 275 1390 341 sponsalia
1427 285 1564 332 metu

134 349 269 415 gravi
290 357 542 401 contracta
565 347 713 410 pleno
739 350 852 408 Jure
875 346 1085 395 invalida
1109 361 1216 399 esse
1242 342 1565 402 contendunt,

135 434 232 465 non
256 416 329 477 sit&
353 413 548 462 omnino
587 423 742 470 certa,
779 414 952 476 procul
995 413 1145 465 dubio
1183 411 1454 471 consultius
1489 421 1566 460 est

137 500 196 532 ac
220 483 372 532 tutius
396 491 449 529 ut
475 497 585 545 pars
611 497 716 544 quae
754 489 937 535 metum
980 481 1070 527 sibi
1094 496 1293 544 gravem
1316 476 1572 536 incussum.

137 550 384 614 quaeritur,
423 559 564 597 curet
589 559 640 596 ut
665 546 908 611 sponsalia
930 563 1018 595 sua
1043 564 1132 610 per
1150 549 1182 596 J
1188 547 1380 596 udicem
1401 546 1567 600 eccle-.-

134 616 380 674 siasticum
407 616 720 672 declarentur
743 614 894 669 irrita.
963 614 1209 662 Addimus
1247 614 1564 670 obtinendam
1617 618 1627 623 ‘

138 700 244 733 esse
267 685 316 731 in
342 699 402 732 eo
423 699 537 732 casu
578 682 990 747 dispensationem
1028 682 1298 737 honestatis
1334 682 1572 746 publicae,

137 768 236 801 non
271 768 301 801 a
336 752 489 814 Papa,
525 751 613 799 sed
646 752 706 799 ab
745 749 994 813 Episcopo
1031 749 1112 812 qui
1148 749 1198 796 in
1224 749 1375 796 dubio
1400 759 1565 813 potest

137 835 166 870 a
191 819 383 869 casibus
409 820 557 883 Papae
581 817 838 873 reservatis
862 817 1169 881 dispensare,
1199 816 1405 872 utalibi
1429 817 1566 869 vide-

136 886 284 936 bitur.
497 934 499 936 ,
732 922 735 926 «
1218 934 1220 937 .
1253 931 1275 939 1,

207 957 395 1009 Quarta
419 953 636 1011 conditio
662 962 738 1008 est
777 962 833 1009 ut
869 950 1114 1017 sponsalia
1154 950 1249 1007 Sint
1290 950 1419 1005 inter
1452 967 1566 1016 per-

135 1037 279 1077 sonas
315 1020 680 1077 determinatas,
737 1037 836 1075 non
890 1036 1038 1074 ‚secus
1090 1035 1150 1074 an
1178 1019 1567 1075 *matri-monium

138 1088 286 1150 quod,
320 1088 588 1145 fatentibus
624 1087 863 1146 omnibuS‚
888 1094 986 1147 non
1023 1096 1188 1151 potest
1222 1087 1452 1144 contrahi*
1476 1086 1568 1142 nisi

139 1157 267 1205 inter
301 1172 532 1219 personas
568 1156 691 1204 tales
727 1165 777 1210 et
821 1155 1185 1210 determinatas.
1255 1155 1415 1213 ¹Hine
1472 1171 1570 1210 nec

137 1224 396 1286 sponsalia,
433 1239 526 1277 nec
586 1223 790 1286 proinde
838 1223 1242 1287 impedimentum
1295 1222 1568 1277 honestatis

138 1290 347 1353 publicae
382 1290 709 1348 contraheret,
765 1290 848 1354 qui
885 1306 1031 1344 unam
1068 1307 1096 1338 e
1132 1290 1286 1344 tribus
1321 1290 1570 1343 sororibus

139 1374 192 1405 se
217 1357 265 1403 in
292 1362 550 1422 conjugem
577 1367 896 1422 accepturum
923 1374 1033 1408 esse
1058 1359 1382 1421 promitteret.

210 1425 395 1478 Quinta
447 1425 664 1473 conditio
723 1434 798 1472 est
857 1435 908 1473 ut
968 1424 1221 1488 promissio
1278 1424 1574 1478 matrimonii

139 1492 316 1550 verbis,
352 1492 544 1556 scriptis
570 1502 654 1547 aut
686 1493 788 1545 aliis
829 1491 978 1555 signis
1019 1492 1375 1546 manifestetur.
1467 1493 1568 1543 Re-

143 1558 347 1622 quiritur
373 1560 499 1607 enim
529 1570 579 1607 ut
613 1559 674 1606 sit
716 1560 985 1622 reciproca,
1024 1569 1074 1617 et
1114 1560 1342 1623 utrinque
1389 1575 1570 1625 acceps-

141 1637 258 1676 tata.
331 1627 592 1681 Quomodo
615 1625 1051 1689 autempromissio
1090 1625 1382 1680 matrimonii
1407 1636 1573 1691 potest

142 1695 408 1757 acceptari,
444 1693 532 1744 nisi
569 1693 718 1755 signis
767 1693 1143 1747 manifestetur?
1226 1694 1353 1746 Haee
1402 1705 1570 1749 autem

143 1760 468 1812 manifestatio
508 1760 613 1807 fieri
651 1770 813 1824 potest
850 1764 926 1807 10·
962 1776 1059 1808 non
1093 1770 1284 1810 tantum
1324 1762 1484 1813 verbis
1520 1773 1572 1810 et

143 1827 352 1893 scriptiS‚
390 1827 479 1880 sed
504 1827 649 1876 etiam
681 1828 790 1878 aliis
820 1829 983 1893 signis,
1009 1845 1054 1875 ν.
1092 1845 1140 1891 g.
1179 1828 1394 1886 nutibus,
1433 1839 1486 1877 ut
1521 1830 1572 1885 in

142 1907 302 1945 mutis.

211 1965 292 2010 2⁰·
331 1961 458 2015 Fieri
484 1971 645 2025 potest
672 1976 767 2008 non
793 1968 979 2015 tantum
1006 1960 1133 2010 inter
1162 1974 1445 2026 praesentes,
1481 1963 1571 2015 sed

146 2029 290 2077 etiam
329 2029 455 2076 inter
512 2030 754 2085 absentes,
803 2027 1033 2076 videlicet
1091 2045 1178 2092 per
1239 2029 1478 2084 Nuntium
1518 2041 1572 2078 et.

149 2096 525 2146 Procuratorem
549 2105 632 2142 aut
668 2110 755 2158 per
780 2095 1011 2143 Litteras.
1084 2096 1283 2146 Eaedem
1326 2113 1472 2160 porro
1507 2098 1572 2146 ad

145 2163 387 2229 sponsalia
410 2178 498 2225 per
526 2163 915 2219 Procuratorem,
954 2180 1062 2226 quae
1093 2164 1154 2210 ad
1193 2164 1571 2224 matrimonium,

147 2231 456 2293 requiruntur
504 2229 825 2277 conditiones.
919 2233 996 2277 30·
1055 2231 1180 2278 Fieri
1215 2231 1372 2284 ,debet
1409 2233 1572 2289 verbis

146 2295 451 2349 affirmativis.
522 2296 902 2351 Undevformula
942 2297 1061 2356 haec,
1101 2316 1193 2353 non
1228 2297 1373 2353 aliam·
1404 2301 1570 2355 ducam

140 2372 319 2430 proeter
341 2371 401 2421 te,
439 2364 682 2426 sponsalia
704 2380 806 2419 non
827 2364 1081 2414 inducunt.
1167 2366 1293 2420 Haec
1314 2366 1441 2422 enim
1468 2384 1573 2414 ver.

149 2433 210 2479 ba
233 2431 587 2483 matrimonium
613 2431 830 2479 futurum
855 2432 981 2479 inter
1006 2443 1169 2495 partes
1205 2434 1429 2489 absolute
1472 2450 1571 2482 non

149 2500 402 2553 denotant,
460 2499 547 2546 sed
608 2509 796 2552 tantum
855 2499 1206 2559 conditionate,
1267 2501 1492 2555 nimirum
1530 2502 1570 2553 si

149 2564 505 2617 matrimonium
532 2565 681 2619 velint
712 2566 851 2621 inire.
942 2572 1024 2614 4⁴0·
1062 2567 1186 2614 Fieri
1227 2567 1377 2623 debet
1413 2569 1573 2623 verbis

152 2632 214 2681 de
273 2631 454 2684 futuro,
514 2643 566 2679 ut
624 2633 832 2686 habetur
889 2633 936 2687 in
996 2633 1215 2698 pluribus
1275 2635 1572 2696 Ritualibus,

150 2699 320 2763 sicque
345 2699 548 2759 multum
564 2697 802 2748 ¹differunt
825 2716 853 2748 a
899 2702 1205 2755 matrimonio
1231 2703 1363 2767 quod
1388 2704 1448 2758 fit,
1468 2721 1575 2752 ver-

151 2766 224 2813 bis
250 2766 312 2815 de
337 2767 577 2829 praesenti.
663 2767 917 2831 Sponsalia
935 2769 1093 2822 verbis
1115 2769 1177 2818 de
1202 2771 1429 2834 praesenti
1453 2771 1574 2825 inita

154 2832 415 2883 Sanctione
462 2833 675 2882 Blesensi
716 2845 805 2883 art.
843 2839 926 2884 44.
965 2852 1199 2899 expresse
1239 2838 1574 2901 prohibentur.

151 2900 325 2948 Multis
354 2899 606 2949 Cui-iarum
647 2916 980 2965 supremarum
1022 2903 1232 2953 Judiciis
1273 2905 1573 2968 prohibitum

150 2978 227 3016 est
252 2983 312 3016 ne
342 2967 634 3017 Sacerdotes
659 2969 894 3031 ejusmodi
937 2972 1241 3034 sponsalibus
1272 2972 1572 3024 assisterent.

793 3036 840 3082 X
877 3040 907 3084 3
1447 3038 1574 3088 Haec
