1846 3250
561 148 657 195 DE
696 145 1629 201 MATR1MON10.25J

193 270 608 349 commigraverit,
647 287 838 333 sponsae
882 271 1089 319 liberum
1136 271 1228 318 erit
1250 269 1324 318 ad
1365 266 1459 316 alia
1492 277 1631 315 vota-

204 339 423 395 transire‚
461 338 551 386 nisi
573 355 684 402 spes
708 338 862 386 subsit
887 356 998 386 eum
1026 338 1160 386 brevi
1185 337 1470 385 rediturum.
1532 335 1631 383 Ra-

201 407 270 453 tio
295 416 370 454 est
398 405 510 469 quia
535 415 764 453 censetur
799 422 1007 482 sponsus
1047 406 1349 453 voluntatem
1393 412 1624 458 mutasse,

200 483 460 536 spretaque
484 489 675 535 sponsae
699 472 928 527 amicitia,
967 489 1055 519 suo
1080 472 1127 518 in
1157 488 1263 519 eam
1284 469 1382 533 juri
1408 470 1627 517 renunti-

201 555 299 586 are.
371 540 450 587 Ita
486 539 658 587 definit
682 540 832 586 Alex.
867 540 963 586 ΙΙΙ.
1000 538 1078 587 lab.
1104 543 1150 586 4.
1173 537 1513 595 Decretalium,
1549 537 1625 585 tit.

205 608 247 652 1.
269 623 309 654 c.
333 609 380 654 5.
407 607 465 654 de
492 606 805 672 Sponsalzbus.

271 673 405 721 Vera
442 683 516 720 est
551 673 819 736 responsio,
864 676 927 720 1⁰·
948 671 1109 722 etiam
1146 688 1257 718 cum
1291 638 1496 735 sponsus
1522 666 1627 718 ani-

199 756 332 787 mum
362 741 510 788 habet
538 740 830 797 revertendi,
870 740 958 789 sed
985 748 1107 803 post
1141 739 1345 786 multum
1389 749 1618 802 tempus·
1605 773 1621 795 ,

203 818 303 854 tum
320 808 444 883 'quia
461 824 638 884 sponsa
657 808 826 855 tandiu
846 806 1177 871 expectando,
1199 805 1443 853 commodi
1461 804 1628 852 matri-

202 873 347 920 monii
386 876 697 923 occasionem
739 874 964 923 amittere
999 883 1196 938 potest;
1231 883 1334 920 tum
1379 872 1502 935 quia
1524 888 1622 919 non

202 951 418 989 meretur
455 942 709 1005 expectari
751 959 955 1005 sponsus
981 941 1063 1005 qui
1099 941 1362 1003 nequidem
1393 955 1622 1002 sponsam

200 1007 261 1054 de
304 1024 501 1056 secessu
540 1019 622 1056 aut
660 1026 795 1056 mora
831 1010 1061 1056 diuturna
1097 1009 1353 1056 consulere
1390 1007 1620 1069 dignatus

197 1083 299 1130 est;
335 1084 437 1122 tum
469 1076 582 1137 quia
607 1077 751 1124 Alex
777 1077 873 1124 III.
900 1082 1002 1139 jam
1029 1076 1256 1124 laudatus
1281 1074 1427 1122 modo
1463 1072 1622 1150 illimi-

201 1151 304 1189 tato
328 1142 555 1204 loquitur.

267 1209 400 1257 Vera
440 1221 515 1259 est
553 1211 725 1259 eadem
764 1210 1032 1276 responsio,
1060 1213 1125 1257 20·
1152 1209 1298 1259 etiam
1326 1225 1436 1257 cum
1473 1223 1626 1272 spon-s

197 1291 279 1324 sus
304 1292 365 1324 ex
389 1293 535 1325 causa
560 1279 834 1327 necessaria
857 1279 934 1327 vel
959 1279 1066 1326 utili
1102 1279 1164 1326 ad
1187 1279 1388 1342 longum
1424 1287 1618 1339 tempus

198 1344 369 1391 abesse
395 1345 604 1407 cogitur,
640 1356 841 1422 propter
866 1346 1061 1394 easdem
1085 1345 1315 1393 rationes.-

266 1410 387 1458 Dixi
412 1422 575 1460 autem
614 1413 707 1460 nzsz‘
743 1430 844 1477 spes
866 1413 1009 1461 subsit
1033 1429 1134 1461 eum
1159 1413 1286 1461 brevi
1313 1411 1616 1460 rediturum·
1593 1446 1612 1466 ,

202 1486 321 1525 tunc
347 1478 474 1525 enim
500 1479 623 1527 ratio
649 1479 841 1527 dictitat
859 1497 969 1528 eum
996 1496 1102 1527 esse
1128 1478 1511 1542 expectandum,
1538 1476 1619 1523 vel

198 1544 236 1590 si
278 1545 450 1593 saltem
497 1556 689 1609 tempus
737 1563 842 1595 esse
887 1546 1257 1611 praefigendum,
1312 1546 1441 1594 ultra
1482 1542 1618 1608 quod

197 1626 376 1675 sponsa
403 1612 492 1661 sibi
519 1613 812 1677 providebit.

286 1752 476 1818 CAUSA
501 1755 563 1801 5.
600 1752 749 1802 Mora
785 1753 835 1801 in
875 1750 1174 1818 Sponsalibus
1208 1749 1534 1815 adimplendis.

264 1885 359 1933 Vel
399 1897 592 1950 tempus
634 1886 695 1933 ad
736 1885 1123 1934 contrahendum
1165 1883 1525 1934 matrimonium
1558 1883 1618 1932 in

199 1953 501 2016 sponsalibus
527 1954 780 2016 praefixum
807 1964 897 2007 est,
935 1954 1011 2000 vel
1037 1968 1153 2000 non.

269 2019 317 2065 Si
346 2030 536 2083 tempus
572 2020 826 2084 praefixum
865 2020 943 2075 sit,
981 2021 1076 2068 hoc
1100 2020 1282 2082 elapso,
1310 2019 1515 2067 liberum
1542 2028 1618 2066 est

200 2084 244 2132 ei
270 2086 455 2135 resilire
480 2104 567 2150 per
592 2103 737 2151 quem
762 2104 858 2135 non
895 2096 991 2135 stat
1029 2087 1287 2150 quominus
1314 2087 1619 2134 celebratum

197 2152 344 2213 fuerit
369 2154 743 2203 matrimonium.
779 2156 856 2202 Ita
880 2170 1113 2218 expresse
1130 2154 1497 2202 definit-Innoc.
1519 2153 1619 2200 ΙΙΙ.

195 2218 243 2265 in
285 2237 388 2284 cap.
431 2222 552 2269 sicut
598 2222 879 2285 Desponsal.
915 2230 955 2269 et
995 2221 1275 2270 Matrimon.
1346 2221 1493 2269 Ratio
1541 2231 1620 2268 est

199 2285 314 2348 quia
353 2288 569 2335 resiliens
610 2288 658 2334 in
701 2305 761 2336 eo
801 2305 914 2336 casu
949 2293 1061 2350 jure
1098 2304 1188 2335 suo
1215 2288 1382 2345 utitur,
1420 2298 1617 2350 statque

197 2363 343 2416 pacto
384 2354 519 2410 inito,
559 2372 651 2403 nec
689 2357 893 2418 proinde
937 2365 1129 2419 peccat.
1205 2358 1275 2401 At
1299 2372 1415 2403 vero
1448 2355 1530 2418 qui
1568 2355 1618 2400 in

198 2429 332 2467 mora
373 2433 462 2477 est,
500 2439 595 2469 non
638 2434 802 2486 potest
848 2423 1049 2481 resilire,
1087 2421 1200 2486 quia
1244 2423 1390 2486 culpa
1436 2421 1619 2469 nemini

198 2488 490 2548 patrocinari
515 2490 679 2538 debet.

266 2553 317 2601 Si
340 2565 500 2602 tamen
528 2573 661 2605 mora
686 2558 746 2605 sit
773 2567 915 2605 extra
939 2572 1130 2603 omnem
1158 2555 1369 2619 culpam,
1409 2571 1507 2603 nec
1526 2553 1617 2602 nisi

198 2618 260 2666 ad
302 2622 450 2668 breve
491 2633 697 2688 tempus,
750 2635 953 2672 censent
1001 2624 1323 2671 communiter
1371 2622 1619 2685 Theolooi

196 2687 439 2748 sponsalia
463 2699 581 2746 tunc
605 2691 800 2740 minime
826 2692 1056 2747 dissolvi,
1091 2706 1184 2737 nec
1211 2696 1466 2738 censuram
1493 2692 1616 2753 pub·

195 2753 342 2800 licam
367 2754 633 2805 declinaret
671 2774 848 2821 sponsa
880 2776 989 2822 quae
1023 2757 1391 2835 promissionem
1417 2772 1617 2805 revoca-

196 2829 288 2876 ret,
325 2837 368 2867 V·
388 2838 436 2885 g.
461 2823 572 2884 quia
595 2837 817 2888 sponsus,
844 2826 923 2874 die
948 2826 1008 2873 ad
1027 2824 1386 2873 matrimonium
1410 2833 1616 2878 statuto,

195 2899 385 2950 patrem
428 2890 714 2940 morientem
751 2893 928 2954 invisit,
967 2902 1052 2942 aut
1083 2891 1319 2941 similibus
1356 2892 1417 2943 de
1455 2890 1618 3004 causig

1548 2971 1574 3005 a
