1846 3250
284 154 351 200 50
779 155 1224 218 TRACTATUS.

285 305 363 339 me
390 290 682 354 pertinebat,
708 292 795 339 sed
822 308 954 340 mera
978 303 1082 341 erat
1108 293 1397 347 caeremonia
1421 292 1698 343 accidenta-

284 358 371 414 ria,
412 369 463 407 ut
488 376 618 408 nunc
653 360 860 422 habetur
896 362 1026 424 apud
1054 362 1269 419 Latinos,
1308 362 1435 426 apud
1468 379 1588 426 quos
1618 363 1702 410 ad-

283 426 479 475 hibetur
520 427 568 474 in
603 428 792 492 signum
828 428 1143 478 fraternitatis
1179 446 1237 478 ac
1273 431 1520 479 societatis
1556 446 1701 494 quam

285 511 396 542 cum
426 495 742 561 Praesbyteris
772 496 833 544 de
860 513 986 544 novo
1015 498 1310 547 consecratis
1335 498 1502 547 ineunt
1530 499 1701 547 Sacer-

284 564 424 611 dotes
444 564 575 628 prius
599 565 804 612 inuncti.

355 631 456 696 Obj.
492 635 573 680 2⁶·
611 633 881 682 Concilium
910 632 1164 682 Nicaenum
1206 638 1248 682 1.
1282 634 1331 681 in
1370 636 1524 700 Epist.
1561 650 1704 699 syno-

283 698 395 747 dica
440 700 570 765 apud
619 701 983 749 Theodoretum
1031 702 1114 750 lib.
1160 707 1202 751 1.
1250 719 1292 751 c.
1317 706 1362 752 9.
1400 702 1698 767 simplicibus

286 768 648 827 Sacerdotibus,
698 769 843 817 modo
868 780 1029 816 tamen
1056 787 1083 818 a
1108 771 1379 819 schismatis
1403 772 1478 819 vel
1505 771 1697 819 haeresis

279 837 389 884 labe
412 835 628 885 fuerint
617 854 871 894 lmmunes‚
909 838 1148 887 concedet
1173 843 1252 901 Jus
1278 839 1547 895 ordinandi,
1593 856 1700 902 pro·

280 905 499 954 keizestai
515 927 532 962 ‚·
594 922 713 970 ergo
772 917 889 954 tunc
950 908 1180 971 temporis
1240 924 1345 955 eam
1405 917 1700 971 potestatem

278 973 540 1022 habebant.

351 1043 411 1089 R.
451 1058 624 1098 vocem,
671 1058 897 1105 graecam,
949 1042 1272 1108 prokeizestai,
1331 1042 1571 1091 immerito
1617 1042 1698 1090 hic

279 1111 560 1159 translatam
599 1109 748 1159 fuisse
776 1127 861 1175 per
899 1127 1071 1158 vocem
1097 1111 1332 1168 ordinare,
1370 1110 1596 1173 illamque
1630 1110 1697 1157 ibi

274 1177 395 1231 nihil
419 1178 552 1227 aliud
576 1177 850 1243 significare
876 1195 1015 1241 quam
1043 1179 1318 1242 designare,
1343 1180 1537 1243 eligere,
1589 1195 1698 1242 pro-

277 1262 475 1297 movere
513 1247 724 1310 aliquem
762 1257 824 1295 ut·
853 1249 914 1295 ab
964 1247 1211 1311 Episcopo
1249 1246 1530 1295 ordinetur:
1568 1244 1696 1309 quod

277 1315 471 1379 quidem
506 1319 585 1378 jus
611 1314 822 1379 eligendi
851 1315 1129 1363 Meletianis
1159 1315 1472 1379 Praesbyteris
1506 1316 1554 1361 in
1583 1316 1694 1362 Poe-

276 1399 386 1431 nam
428 1383 700 1432 schismatis
755 1383 973 1446 eripitur,
1021 1382 1291 1432 Catholicis
1328 1400 1445 1432 vero
1485 1382 1535 1429 in
1573 1382 1692 1431 Fide

275 1451 609 1500 constantibus
634 1450 939 1515 relinquitur.

344 1521 464 1568 Inst.
504 1519 698 1577 Eadem,
716 1520 908 1567 vocula·
925 1535 1087 1582 graeca
1111 1517 1157 1565 in
1196 1515 1364 1576 eadem
1391 1517 1613 1582 Epistola
1637 1534 1695 1565 ac

278 1586 327 1634 in
354 1587 458 1635 aliis
481 1587 705 1651 Synodus
728 1586 905 1635 dicitur
930 1586 990 1634 de
1014 1586 1070 1633 iis
1096 1585 1178 1649 qui
1202 1587 1261 1633 ab
1290 1586 1543 1649 Episcopis
1568 1586 1695 1633 ordi·

270 1655 378 1703 nati
403 1655 620 1703 fuerunt.
692 1654 825 1718 Ergo
852 1670 1015 1702 veram
1042 1653 1412 1701 ordinationem
1438 1653 1693 1717 significat.

346 1723 411 1772 R.
457 1738 630 1770 vocem
676 1722 806 1769 illam
848 1720 1115 1786 generatim
1156 1721 1285 1783 idem
1327 1722 1600 1785 significare
1636 1738 1695 1769 ac

276 1807 580 1856 promovere.
650 1790 852 1855 Duplici
877 1801 1038 1838 autem
1076 1790 1222 1837 modo
1246 1799 1407 1853 potest
1433 1789 1603 1867 aliquis
1628 1790 1692 1837 ad

277 1847 566 1924 dignitatern
608 1857 990 1907 ecclesiasticam
1030 1858 1301 1921 promoveri
1344 1857 1564 1905 nimirum
1609 1873 1694 1921 per

267 1928 570 1990 *electionem
596 1938 645 1975 et
673 1927 1060 1974 Ordinationem.
1132 1926 1264 1975 Hinc
1290 1926 1460 1972 mirum
1496 1941 1591 1971 non
1618 1932 1693 1972 est

278 1996 409 2060 quod
451 1995 532 2043 illa
578 2010 672 2042 vox
712 1995 972 2058 aliquando
1012 2011 1099 2057 pro
1139 1994 1392 2048 electione,
1431 1992 1689 2056 aliquando

275 2081 363 2127 pro
388 2062 708 2111 Ordinatione
743 2062 888 2110 fuerit
932 2072 1177 2125 usurpata.
1250 2062 1327 2109 Ex
1365 2063 1584 2123 subjecta
1607 2077 1690 2108 au·

280 2144 378 2179 tem
405 2131 605 2178 materia
629 2131 1078 2194 interpretationem
1104 2129 1331 2194 accipere
1357 2130 1520 2177 debet.

711 2264 1134 2314 PROPOSITIO
1184 2265 1251 2311 ΙΙ.

282 2404 482 2470 Simplex
527 2404 764 2457 Sacerdos.
803 2402 1039 2467 nequidem
1085 2400 1317 2448 accidente
1355 2398 1574 2454 Ecclesiae
1620 2399 1691 2446 vel

340 2474 503 2520 summi
527 2471 776 2533 Ροῃίίῄῗείε
798 2487 1031 2525 consensu,
1067 2467 1371 2515 hierarchicos
1402 2468 1612 2522 Ordines,
1639 2468 1691 2514 id

343 2548 405 2587 est
450 2541 791 2604 Episcopatwm
829 2536 1210 2601 Praesbyeratum
1258 2544 1300 2582 et
1352 2536 1679 2588 Diaconatnm,

347 2610 387 2653 C
388 2608 572 2672 mser-re
592 2614 774 2670 potest;
813 2622 894 2654 neo
922 2604 1119 2669 proinde
1152 2600 1336 2651 illorum
1364 2604 1588 2652 Ordinum
1618 2610 1683 2651 est

321 2675 454 2722 Miv
461 2676 574 2721 ister
606 2672 1023 2721 extraordinarius.

266 2792 270 2800 ¹
344 2809 489 2857 Proh
523 2809 598 2854 1⁰-
655 2807 781 2855 Nam
822 2805 967 2854 Primi
994 2805 1241 2869 Episcopi,
1280 2805 1567 2869 Praesbyteri
1609 2804 1684 2851 vel

263 2869 489 2927 ⁷Diaconi
513 2892 541 2923 a
564 2874 676 2922 solis
702 2875 956 2950 Episcopis
992 2875 1037 2920 in
1070 2874 1321 2936 Scriptura
1355 2875 1583 2937 leguntur
1608 2888 1684 2918 or-

276 2947 441 2994 dinan.
513 2943 620 2993 Nec
671 2943 815 2991 etiam
863 2958 925 2990 ex
980 2941 1199 2990 Historia
1258 2942 1490 2991 Ecclesiae
1532 2940 1681 3053 uflflum‘

1529 3022 1554 3054 a
1593 3023 1685 3054 ern
