1846 3250
491 151 587 204 DE
626 147 1127 198 MATRIMONI-O.
1450 146 1552 216 443

125 302 215 334 non
244 286 491 341 Dominus,
528 285 570 332 si
602 285 706 349 quis
729 283 865 331 habet
889 300 1073 331 uxorem
1101 280 1354 344 infidelum‚
1391 286 1433 329 εἰ
1458 279 1556 328 koee

127 354 350 400 consentit
373 352 584 400 habitare
629 369 728 399 cum
764 350 861 407 illo,
899 365 989 397 non
1014 350 1228 399 demittat
1264 347 1390 396 illam
1396 381 1552 397 .........

126 419 415 483 sanctificata
440 426 504 466 est
540 418 659 466 enim
697 417 862 465 mulier
895 416 1095 479 iiffidelis
1131 434 1227 479 per
1261 416 1413 465 'virum
1429 414 1575 477 fide?

129 485 229 533 lem.
302 486 532 534 Profecto
558 486 596 533 si
634 484 923 531 dimittenda
947 500 1043 530 non
1068 484 1129 531 sit
1154 500 1279 531 uxor
1316 481 1560 531 consenti-

130 568 214 600 ens
239 553 446 616 pacifice
480 570 591 601 cum
617 552 719 599 viro
746 567 982 598 converso
1008 551 1243 607 habitare,
1280 550 1429 612 igitur
1452 549 1559 612 ipso

125 619 259 668 facto
302 637 389 684 per
425 620 791 668 conversionem
819 619 960 666 unius
985 635 1081 666 non
1124 618 1403 665 dissolvitur
1432 617 1561 664 inter

133 703 215 735 eos
255 688 629 736 matrimonium.
708 690 789 733 20·
821 684 1037 748 vPropter
1085 685 1427 733 auctoritatem
1478 684 1562 730 In·-

132 771 240 802 noc.
268 756 362 803 III.
398 757 509 803 loco
551 770 696 818 supra
743 754 958 809 laudato,
996 753 1078 799 ubi
1125 763 1235 816 post
1286 751 1560 801 Concilium

131 823 391 871 Meldense
416 824 483 870 sic
503 823 672 870 statuit
693 840 704 868 ε
747 824 842 869 Per
861 822 1157 883 Baptismum
1173 838 1263 869 non
1288 819 1576 868 solvuuntur·

129 892 361 955 conjugia,
398 892 481 938 sed
501 891 801 938 dimittuntur
823 889 1035 937 crin-tina.

197 958 360 1006 Dices.
416 958 465 1005 S.
511 958 691 1004 Paulus
739 957 787 1001 in
835 965 978 1002 textu
1041 954 1170 1002 unde
1217 962 1564 1017 argumentum

130 1024 378 1080 sumimus,
416 1041 513 1071 non
537 1023 752 1085 loquitur
793 1021 1086 1070 auctoritate
1117 1021 1295 1078 divina,
1328 1019 1415 1067 sed
1452 1035 1564 1083 pro-

131 1091 236 1154 pria
282 1108 389 1153 quae
436 1092 648 1138 humana
695 1100 815 1145 erat,
869 1107 952 1154 ego
1000 1090 1117 1145 dico,
1170 1107 1261 1137 non
1313 1088 1563 1136 Dominus.

134 1160 268 1222 Ergo
312 1158 568 1222 disciplina
597 1174 741 1220 quam
769 1158 977 1204 instituit
1004 1167 1108 1204 erat
1142 1165 1328 1203 tantum
1356 1154 1417 1202 ad
1443 1164 1567 1201 tem-

130 1242 238 1289 pus,
277 1237 327 1273 et
368 1243 456 1289 pro
501 1225 975 1273 circumstantiarum
1018 1224 1254 1271 varietate
1302 1221 1565 1280 mutabilis,

133 1304 184 1341 ut
213 1294 516 1341 contendunt
546 1294 775 1340 secundae
800 1291 1049 1340 sententiae
1078 1290 1292 1340 Patroni.
1353 1316 1360 1321 f
1529 1352 1531 1354 v

199 1362 265 1408 R,
297 1362 366 1408 10·
404 1362 582 1408 multos
627 1361 928 1423 Interpretes
970 1359 1263 1422 gravissimis
1306 1355 1565 1405 momentis

132 1428 274 1475 nixos
317 1445 520 1477 censere
562 1427 668 1475 haec
710 1430 873 1484 verba,
910 1444 993 1489 ego
1028 1428 1147 1483 dico,
1194 1444 1285 1475 non
1310 1425 1564 1485 Dominus,

132 1491 389 1544 referenda
415 1512 521 1544 esse
549 1496 609 1544 ad
634 1496 897 1543 versiculos
935 1493 1290 1557 praecedentes.

200 1565 263 1612 R.
289 1566 354 1609 2⁰·
391 1565 453 1611 ad
489 1580 728 1611 summum
757 1580 820 1609 ex
859 1562 1018 1610 verbis
1058 1561 1261 1623 objectis
1287 1558 1429 1623 sequi
1457 1559 1565 1606 nul-

130 1631 231 1678 lum
256 1646 364 1678 esse
403 1642 704 1694 praeceptum
733 1630 830 1677 Dei
868 1645 1153 1691 expressum
1197 1637 1247 1676 et
1273 1644 1357 1675 ore
1384 1626 1567 1675 Christi

131 1699 371 1761 prolatum
414 1699 475 1745 de
519 1696 833 1745 matrimoniis
878 1696 1173 1753 Infidelium,
1213 1696 1299 1743 sed
1332 1695 1428 1743 hoc
1467 1709 1567 1742 non

132 1765 338 1828 impedit
380 1765 636 1828 quominus
681 1765 968 1827 Apostolus,
1014 1763 1198 1826 Spiritu
1243 1764 1424 1811 Sancto
1461 1778 1565 1809 mo-

132 1842 278 1880 vente
305 1842 355 1880 et
380 1832 640 1894 dirigente,
674 1832 869 1878 locutus
894 1831 971 1878 sit·
1045 1830 1191 1879 Unde
1216 1839 1390 1892 postea
1412 1846 1457 1875 v.
1483 1830 1565 1877 25.

133 1900 194 1947 de
217 1899 497 1961 Virginibus
519 1899 602 1946 ait.
651 1898 917 1946 Consilium
938 1899 999 1945 do
1024 1907 1079 1945 ut
1092 1896 1376 1960 simfidelis.
1414 1896 1497 1945 Et.
1519 1912 1567 1942 v.

131 1971 213 2015 40.
249 1965 463 2031 Beatiorfl
485 1976 642 2013 autem
687 1967 854 2023 vidua,
890 1967 934 2013 si
964 1967 1033 2012 sic
1057 1966 1383 2029 permanserit
1403 1979 1569 2011 seeum

134 2035 248 2083 dam
274 2050 427 2081 meum
451 2035 704 2081 consilium
724 2052 741 2079 .-
770 2041 895 2096 picto
918 2041 1075 2080 autem
1099 2034 1231 2096 quod
1261 2040 1308 2079 et
1338 2048 1422 2093 eqo
1466 2032 1571 2093 spi·

133 2104 279 2149 ritum
304 2102 404 2148 Dei
441 2101 654 2149 habeam.
701 2101 873 2154 *Quod
916 2109 1080 2147 autem
1125 2099 1411 2163 Apostolus,
1457 2097 1567 2162 Spi-
1617 2150 1625 2155 κ

131 2168 227 2216 ritu
255 2169 436 2217 Sancto
461 2179 688 2217 movente
714 2179 763 2215 et
805 2168 1064 2231 dirigente,
1102 2167 1353 2231 praecepit,
1390 2166 1563 2230 procul

132 2236 281 2284 dubio
322 2236 416 2284 vim
458 2236 609 2284 habet
644 2234 822 2297 Legis,
849 2252 943 2282 nec
991 2251 1205 2299 unquam
1248 2235 1366 2282 licet
1414 2249 1443 2281 a
1478 2232 1564 2281 tali

129 2313 378 2368 praecepto
402 2304 653 2351 recedere.
726 2304 860 2366 Ergo
885 2302 932 2349 in
960 2318 1075 2350 casu
1102 2302 1305 2366 praefato
1325 2300 1562 2348 nonlicet

129 2387 334 2419 uxorem
360 2370 621 2430 dimittere,
657 2386 751 2418 nec
777 2370 981 2433 prionde
1007 2369 1055 2416 in
1088 2386 1149 2418 eo
1173 2386 1290 2418 casu
1315 2367 1564 2420 matrimo-

130 2438 262 2486 nium
288 2438 580 2486 dissolvitur.
850 2445 852 2447 ’

205 2506 400 2563 Quaeres
443 2507 508 2552 2⁰·
561 2521 622 2552 an
662 2503 954 2552 matrimonii
1000 2487 1266 2561 vinculum,
1310 2502 1393 2550 ubi
1436 2518 1560 2551 unus

127 2571 404 2619 Infldelium
442 2571 757 2629 convertitur,
812 2573 967 2620 altero
1008 2580 1327 2634 permanente
1365 2569 1414 2618 in
1450 2570 1558 2624 infi-

131 2639 350 2696 delitate,
393 2640 683 2688 dissolvatur
729 2639 777 2685 in
826 2639 1116 2703 quibusdam
1164 2637 1559 2695 circumstantiis,

128 2706 359 2754 videlicet
400 2710 460 2754 1⁰·
495 2707 534 2754 si
574 2706 792 2755 Infidelis
827 2723 924 2753 non
962 2722 1226 2757 conversus
1261 2722 1358 2753 non
1394 2706 1555 2752 solum

130 2783 306 2821 renuat
343 2774 578 2831 converti,
613 2775 703 2822 sed
743 2790 772 2822 a
820 2778 1030 2836 conjuge
1068 2773 1304 2821 discedat.
1400 2774 1466 2818 2⁰·
1503 2770 1556 2819 Si

128 2840 250 2888 nolit
296 2841 502 2904 pacifice
551 2850 601 2889 et
652 2842 756 2889 sine
814 2841 1116 2904 blasphemia
1162 2850 1212 2889 et
1260 2838 1560 2888 contumelia

133 2909 380 2963 Creatoris
403 2924 513 2956 cum
537 2909 785 2957 Converso
809 2908 1046 2957 habitare.
1119 2912 1183 2956 3⁰·
1226 2907 1283 2967 Si⁸
1302 2906 1419 2954 velit
1442 2920 1562 2955 con·

120 2980 289 3041 jugem
316 2991 602 3025 conversum
628 2975 677 3023 in
704 2985 911 3040 peccata
934 2975 1151 3042 lethalia,
1170 2972 1488 3041 pertrahere?

1488 3038 1555 3089 R.
