1846 3250
0 0 437 32 Wv'ffl'ffi
448 0 455 2 ’“

210 156 311 204 306
725 153 1162 205 TRACTATUS
1180 158 1182 161 ’

206 288 585 354 propinquiorem
633 288 798 337 trahit.
885 288 1019 338 Hinc
1057 289 1225 349 frater,
1251 308 1295 337 v.
1320 307 1369 355 g.
1394 287 1540 340 estin
1564 305 1639 339 se·

210 355 375 404 cundo
399 355 555 418 gradu
582 371 692 403 cum
734 356 896 405 fratris
925 357 1050 434 filia,
1088 358 1202 422 quia
1237 358 1355 406 licet
1394 359 1501 423 ipse
1539 374 1639 405 uno

210 422 368 484 gradu
404 432 592 470 tantum
630 439 659 471 a
694 424 937 471 communi
970 424 1135 488 stipite
1170 442 1257 474 seu
1294 436 1433 489 patre
1473 422 1640 482 distet,

209 488 310 537 filia
334 498 496 537 tamen
520 490 682 539 fratris
706 491 897 540 duobus
921 493 1152 556 gradibus
1176 494 1238 541 ab
1262 494 1436 542 codem
1471 492 1638 556 stipite

205 562 1420 605 removetur..

281 624 374 672 Hae
408 624 592 687 regulae
626 635 723 673 tam
760 624 808 673 in
843 626 951 674 foro
986 626 1205 675 saeculari
1243 643 1388 691 quam
1433 599 1639 676 eeclesi-

209 691 365 739 astico
390 708 520 740 nunc
545 704 657 741 sunt
682 693 730 739 in
757 710 846 741 usu
872 710 931 742 ac
955 695 1135 742 servari
1177 695 1375 753 debent,
1419 694 1639 758 quamvis

208 760 258 806 in
284 760 405 808 Jure
431 759 557 808 civili
584 761 697 807 olim
724 762 980 809 observato
1006 761 1149 810 aliter
1181 763 1360 824 gradus
1386 772 1637 825 computa-

209 836 396 885 rentur,
421 844 517 875 non
543 828 738 889 quidem
763 827 810 873 in
837 829 965 876 linea
985 839 1137 885 recta,
1161 829 1249 877 sed
1277 829 1325 875 in
1352 828 1642 885 collaterali,

211 894 294 942 ubi
340 904 414 943 tot
466 895 646 957 gradus
695 906 1012 944 numerantur
1066 907 1185 958 quot
1236 906 1350 945 sunt
1398 911 1637 961 personae,

209 962 411 1025 dempto
434 962 615 1025 stipite.
709 962 843 1010 Hinc
872 964 1143 1012 secundum
1185 964 1395 1012 Juristas
1422 963 1519 1011 duo
1543 962 1642 1010 fra·-

208 1040 308 1077 tres
334 1040 446 1078 sunt
470 1030 518 1076 in
552 1030 771 1077 secundo
812 1031 985 1094 gradu,
1023 1031 1121 1079 duo
1146 1047 1263 1079 vero
1288 1030 1561 1079 consobrini
1586 1032 1636 1077 in

207 1107 400 1162 quarto.

278 1164 563 1213 Notandum
599 1174 672 1213 est
714 1168 773 1213 1⁰·
834 1165 1052 1230 quamvis
1104 1165 1152 1212 in
1206 1167 1336 1213 linea
1369 1163 1639 1213 collaterali

210 1232 392 1295 gradus
429 1233 661 1280 remotior
686 1232 750 1280 ad
784 1248 840 1281 se
881 1234 1042 1281 trahat
1076 1233 1439 1296 proximiorem,
1474 1241 1641 1279 tamen

209 1301 259 1346 in
284 1298 658 1363 dispensationis
702 1300 939 1363 petitione
978 1301 1346 1364 exprimendam
1381 1314 1489 1347 esse
1525 1298 1643 1346 inae-

209 1367 497 1432 qualitatem
523 1367 782 1430 graduum,
823 1369 863 1415 si
902 1368 1082 1431 gradus
1120 1366 1436 1432 propinquior
1460 1366 1521 1414 sit
1545 1364 1644 1429 pri·

210 1451 351 1491 mus;
384 1434 600 1499 alioquin
644 1435 907 1499 obreptitia
948 1436 1041 1484 erit
1081 1436 1395 1500 dispensatio,
1432 1450 1544 1487 cum
1590 1434 1641 1480 in

213 1519 275 1551 eo
301 1503 464 1566 primo
479 1502 638 1566 gradu
675 1502 907 1552 sanctitas
949 1520 1038 1551 sua
1073 1517 1321 1567 nunquam
1360 1502 1644 1567 dispensare

208 1569 449 1627 intendat,
480 1580 541 1617 ut
583 1570 850 1627 declaravit
893 1571 1006 1618 Pius
1042 1571 1102 1618 V.
1142 1571 1190 1617 in
1217 1570 1360 1618 Bulla
1384 1586 1460 1618 an.
1491 1571 1639 1617 1566.

212 1638 324 1685 Imo
350 1647 405 1685 ut
430 1637 584 1685 omnis
609 1637 866 1700 scrupulus
914 1649 1212 1693 amoveatur,
1251 1654 1421 1686 curare
1461 1636 1644 1684 debent

212 1704 298 1769 qui
324 1704 709 1770 dispensationes
733 1706 781 1751 in
805 1704 935 1752 linea
976 1705 1244 1753 collaterali
1280 1704 1503 1768 inaequali
1529 1720 1644 1767 pos-

211 1773 387 1831 tulant,
427 1782 480 1820 ut
504 1773 682 1835 gradus
707 1773 975 1836 proximior
1003 1789 1196 1837 semper
1221 1772 1540 1836 exprimatur.

281 1842 360 1886 20·
397 1841 522 1888 Cum
561 1839 857 1904 dispensatio
898 1839 1081 1904 petitur
1121 1857 1209 1904 pro
1250 1839 1484 1902 personiS,
1522 1853 1643 1901 qua-

211 1923 321 1959 rum
356 1908 512 1955 altera
546 1917 621 1954 est
656 1907 705 1953 in
740 1907 896 1970 primo
955 1907 1110 1971 gradu
1170 1917 1219 1954 et
1271 1907 1364 1954 alia
1398 1906 1446 1953 in
1482 1905 1640 1969 gradu

210 1975 490 2032 remotiore,
519 1974 893 2039 exprimendum
931 1985 1006 2023 est
1047 1974 1129 2039 qui
1154 1991 1302 2022 sexus
1324 1975 1387 2022 sit
1411 1974 1458 2020 in
1483 1972 1644 2037 primo

210 2042 385 2106 gradu,
423 2059 485 2090 an
509 2042 596 2098 vir,
632 2059 694 2090 an
720 2042 909 2101 mulier,
948 2042 1059 2105 quia
1094 2044 1241 2106 longe
1267 2041 1506 2090 difficilius
1530 2056 1640 2103 per·

210 2110 421 2160 mittitur
447 2120 498 2157 ut
523 2110 649 2158 filius
674 2110 850 2159 sororis
875 2111 952 2158 vel
988 2110 1150 2158 fratris
1185 2111 1234 2156 in
1261 2126 1463 2158 uxorem
1489 2108 1644 2156 ducat.

211 2176 427 2225 amitam
447 2193 591 2241 quam
627 2188 830 2253 patruus
888 2188 973 2225 aut
1029 2178 1298 2225 avunculus
1349 2175 1546 2225 sororis
1561 2176 1641 2224 vel

209 2241 372 2292 fratris
408 2244 594 2300 filiam3
629 2244 782 2308 magis
832 2245 960 2292 enim
1009 2245 1165 2294 ordini
1226 2244 1521 2292 contrarium
1567 2242 1648 2289 vi-·

211 2313 357 2360 detur
381 2313 592 2368 amitam,
621 2329 728 2375 quae
753 2312 887 2376 quasi
913 2311 1006 2359 alia
1031 2322 1186 2359 mater
1208 2311 1256 2357 in
1282 2311 1433 2358 filiurn
1459 2308 1643 2358 sororis

209 2379 554 2428 auctoritatem
590 2379 756 2437 habet,
815 2379 974 2426 eidem
1033 2388 1262 2441 tanquam
1315 2376 1464 2441 capiti
1529 2392 1640 2425 esse

210 2448 496 2509 subjectam.
594 2448 720 2494 Haec
755 2456 918 2494 autem
972 2445 1156 2509 duplex
1211 2443 1654 2493 ordinis-inversio..

211 2515 375 2562 locum
412 2531 509 2562 non
544 2514 711 2572 babet,
772 2530 884 2561 cum
942 2523 1143 2576 patruus
1199 2512 1360 2560 fratris
1394 2512 1542 2558 filiam
1587 2511 1640 2557 in

211 2598 417 2630 uxorem
444 2582 659 2639 assumit,
697 2581 811 2645 quia
834 2581 939 2629 haec
966 2590 1129 2627 manet
1154 2579 1370 2637 inferior,
1397 2592 1448 2626 ut
1474 2587 1639 2627 antea.

282 2649 525 2696 Caeterum
551 2649 791 2696 rarissime
834 2664 1079 2697 concessae
1120 2656 1231 2694 sunt
1269 2645 1504 2709 ejusmodi
1541 2645 1654 2693 dis-⁷

213 2715 540 2780 pensationes.
628 2717 836 2764 Senatus
876 2714 1156 2763 Parisiensis
1181 2718 1439 2763 an.1664.
1475 2712 1643 2760 matri·

210 2783 427 2830 monium
452 2783 579 2829 inter
604 2783 899 2830 avunculum
932 2792 985 2830 et
1022 2782 1183 2830 fratris
1207 2781 1356 2829 filiam
1380 2779 1540 2844 quoad
1565 2780 1641 2828 ef-

211 2850 374 2904 fectus
393 2849 558 2898 civiles
583 2851 769 2897 nullum
795 2849 1079 2898 declaravit.
1129 2850 1243 2898 Non
1269 2859 1430 2899 tamen
1456 2847 1640 2916 ubique

211 2917 418 2979 obtinuit
442 2917 548 2967 baec
575 2917 980 2982 jurisprudentia.
1446 2981 1490 3037 Q

1491 2994 1636 3029 uaeres
