1846 3250
265 162 368 216 35&
662 209 664 211 .
734 162 962 213 ‘fT-RAC
969 163 1201 214 TATUS
1273 165 1285 171 '⁷

314 296 481 351 Quod
519 296 565 344 si
599 310 746 346 voces
778 296 898 354 istae,
934 299 1061 363 quod
1096 316 1152 346 ea·
1188 297 1366 348 labore
1378 308 1443 348 ει
1453 296 1685 354 industria

263 380 349 412 sua
373 372 551 412 tantum
582 364 756 421 vivant,
793 364 1238 426 praetermittantur,
1275 382 1371 414 non
1398 365 1683 428 conceditur

263 430 599 507 dispensatio‘
587 447 635 481 in
658 430 814 478 forma
837 447 1122 494 pauperum.

261 519 271 537 2
332 498 415 550 Ex
436 497 503 545 iis
517 497 663 546 facile
685 496 972 574 intelligitur
1004 498 1385 548 inverecundum
1410 517 1516 549 esse
1552 497 1687 564 quod

261 561 461 616 divites
479 563 891 630 dispensationes
904 564 954 611 in
993 565 1147 613 forma
1186 582 1454 629 pauperum
1497 567 1686 616 obtine-

260 645 364 709 ant,
401 648 580 697 easque
620 631 903 695 obreptitias
943 648 1068 690 esse,
1120 634 1407 699 nullumque
1437 632 1687 684 matrimi>

265 700 399 753 nium
460 698 603 775 quod
651 698 788 747 inde
823 696 1138 747 subsecutum
1187 699 1265 757 sit,
1337 700 1451 748 Non
1497 701 1567 749 sic
1616 712 1684 750 ta-

261 781 376 814 men
400 767 568 814 stricte
592 760 892 842 accipiendae
910 776 1022 813 sunt
1045 766 1139 814 illae
1162 783 1309 815 voces
1332 777 1387 814 ut
1411 784 1438 816 e
1464 768 1687 831 pauperi-

268 834 361 884 bus
387 832 730 882 excludantur
771 833 803 879 ii
846 832 928 895 qui
952 833 1179 880 fruuntur
1221 833 1384 897 aliquo
1430 834 1607 892 reditu,
1643 834 1683 882 si

259 900 486 958 nimirum
523 900 607 948 ille
646 899 833 948 reditus
872 900 936 947 ad
976 900 1235 948 vivendum
1260 902 1583 965 alendamque
1617 901 1689 949 fa·

262 960 461 1026 miliam,
497 966 587 1015 nisi
611 967 817 1014 addatur
841 967 978 1015 labor
1003 978 1053 1014 et
1079 967 1329 1025 industria,
1367 969 1562 1017 minime
1586 968 1685 1017 suf·

232 1034 409 1083 ficiat.
490 1035 550 1083 Si
608 1034 744 1096 quod
797 1050 913 1081 vero
971 1034 1172 1081 dubium
1221 1036 1452 1092 occurrit,
1488 1035 1683 1084 veritas.

239 1101 562 1164 *Apostolicae
603 1100 716 1149 Sedi
758 1102 890 1149 nude
936 1101 1200 1164 aperienda
1246 1113 1336 1160 est,
1374 1107 1428 1150 ut
1475 1100 1683 1166 pecunia

178 1228 181 1231 q
257 1169 458 1219 modica
491 1169 723 1225 solvatur,
758 1167 797 1216 si
821 1168 1000 1216 debita
1023 1168 1117 1225 sit;
1152 1169 1228 1217 vel
1252 1168 1291 1216 si
1317 1184 1412 1216 non
1438 1169 1680 1233 exigatur,

259 1232 529 1298 tranquilla
545 1246 738 1282 maneat
765 1235 1079 1288 conscientia.
1637 1261 1639 1263 ·

272 1316 275 1318 ’
333 1303 524 1359 Quaeres
576 1305 670 1351 1005·
727 1302 990 1364 quomodo,
1050 1310 1159 1365 post
1205 1311 1464 1377 acceptum
1516 1303 1682 1350 Romae

247 1357 603 1433 ,Rescriptum5
620 1368 929 1437 dispensatio
954 1367 1231 1435 executioni
1256 1369 1616 1417 demandetur?

259 1468 263 1473 »
324 1437 395 1485 R
425 1432 842 1506 dispensatiQeni
869 1436 944 1483 vel
982 1451 1088 1483 esse
1113 1452 1141 1483 3
1168 1435 1534 1501 Poenitentiaria
1556 1437 1629 1483 vel
1656 1451 1684 1483 a

256 1502 489 1552 Dataria.
583 1500 751 1559 Prima
792 1513 1086 1553 executores
1133 1503 1280 1551 habet
1331 1503 1683 1558 Confessarios,

257 1580 466 1632 quorum
502 1580 577 1618 est
614 1569 740 1617 inti-'a
768 1570 1077 1618 Poenitentiae
1111 1570 1270 1617 forum
1312 1569 1682 1633 dispensationis

259 1637 564 1685 Sententiam
580 1636 925 1698 pronuntiare,
964 1646 1014 1683 et
1038 1635 1108 1683 sic
1141 1637 1266 1684 solet
1301 1636 1530 1685 inscribi:
1567 1638 1682 1686 Dis

256 1712 381 1754 creto
417 1704 519 1751 ’viro
551 1704 619 1750 N.
652 1702 994 1767 C'orffessario,
1012 1703 1057 1750 T
1054 1702 1277 1768 heologzoe
1304 1704 1542 1764 iMuyistro
1582 1702 1684 1766 (vel

257 1773 566 1820 Decretorum
606 1768 837 1832 Doctori)
884 1787 941 1817 ex
985 1770 1253 1834 approbatis
1299 1770 1356 1816 ab
1408 1768 1677 1826 Ordinarz'o,

248 1855 341 1902 per
376 1835 568 1885 latorem
613 1835 688 1883 vel
724 1835 958 1883 latricem
982 1837 1287 1883 Poenitentem
1340 1835 1568 1901 eligendo,
1612 1837 1682 1885 ad

254 1904 383 1952 intra
409 1903 581 1967 scripta
618 1902 853 1964 deputato.
924 1902 1185 1958 Secunda,
1209 1907 1355 1963 Juxta
1390 1913 1678 1965 praesentem

254 1970 496 2018 Ecclesiae
536 1968 857 2032 disciplinam,
896 1979 1213 2016 executorem
1255 1969 1403 2017 habet
1438 1970 1680 2017 Dioecesis

258 2037 481 2086 Officiale
507 2047 737 2098 tanquam
777 2035 918 2083 Sedis
946 2035 1245 2099 Apostolicae
1273 2036 1680 2084 Commissarium.

256 2104 368 2152 Non
405 2104 532 2151 solet
569 2109 734 2150 autem
769 2102 998 2149 Officialis
1021 2119 1198 2149 nomen
1241 2102 1464 2166 exprimi.
1513 2103 1680 2151 Unde

253 2187 352 2221 non
394 2181 492 2218 tam
528 2185 740 2237 persona
778 2184 920 2231 quam
966 2169 1175 2232 dignitas
1215 2181 1266 2217 et
1308 2170 1516 2217 officium
1550 2170 1677 2217 illius

239 2246 506 2301 'spectatur
530 2237 592 2283 ad
612 2252 757 2299 quem
782 2235 1004 2297 dirigitur
1021 2236 1347 2311 dispensatim
1385 2247 1677 2312 quapropter

253 2321 314 2353 eo
340 2314 547 2359 mortuo,
582 2303 755 2350 eadem
793 2300 1101 2371 dispensandi
1144 2302 1391 2364 provinc-ia
1422 2303 1592 2351 transit
1616 2302 1681 2350 ad

253 2386 606 2422 successorem.
676 2369 728 2416 Si
761 2378 922 2417 tamen
962 2383 1139 2415 nomen
1166 2368 1397 2432 Officialis
1436 2369 1678 2432 exprime-

254 2448 406 2495 retur,
456 2435 723 2503 personalis
781 2439 1064 2483 censeretur
1111 2430 1195 2483 illa
1253 2434 1526 2484 commissio
1585 2450 1676 2483 nec

219 2523 222 2528 ·
249 2505 482 2556 transiret
506 2504 566 2552 ad
591 2510 924 2551 successorem

252 2606 256 2612 -
321 2573 604 2634 Antequam
630 2569 923 2631 dispensatio
947 2567 1266 2623 fulminetur‚
1283 2578 1368 2616 aut
1402 2567 1552 2625 aiunt,
1590 2584 1676 2616 seu

252 2648 515 2701 antequam
561 2636 903 2703 Rescriptum
906 2636 1007 2683 sive
1043 2635 1092 2681 in
1123 2636 1233 2681 foto
1268 2636 1481 2683 interno
1490 2651 1521 2683 a
1545 2634 1676 2685 Con-

250 2705 471 2760 fessario,
506 2702 607 2752 sive
625 2703 678 2750 in
704 2703 812 2750 foro
839 2712 1046 2750 externo
1070 2703 1132 2749 ab
1158 2702 1365 2750 Officiali
1393 2700 1673 2751 executioni

251 2771 591 2827 demandetur,
651 2774 716 2816 1⁰·
774 2780 1005 2817 accurate
1050 2762 1301 2817 servandae
1344 2778 1459 2817 sunt
1504 2767 1675 2834 condi-

250 2840 435 2892 tiones
451 2837 504 2884 in
547 2832 818 2900 Rescripto
836 2830 1149 2901 Apostolicae
1188 2836 1327 2884 Sedis
1361 2830 1674 2903 praescriptae.

250 2909 315 2963 2⁰·
350 2895 596 2970 Imprimis
628 2902 855 2976 sollicite,
903 2897 1265 2985 inquirendum
1285 2912 1373 2991 est
1415 2918 1491 2967 an
1503 2912 1674 2957 -causae

1491 2959 1678 3023 Quod
