<?xml version="1.0" encoding="UTF-8"?>
<!DOCTYPE html PUBLIC "-//W3C//DTD XHTML 1.0 Transitional//EN"
    "http://www.w3.org/TR/xhtml1/DTD/xhtml1-transitional.dtd">
<html xmlns="http://www.w3.org/1999/xhtml" xml:lang="en" lang="en">
 <head>
  <title>
</title>
<meta http-equiv="Content-Type" content="text/html;charset=utf-8" />
  <meta name='ocr-system' content='tesseract 3.04.00' />
  <meta name='ocr-capabilities' content='ocr_page ocr_carea ocr_par ocr_line ocrx_word'/>
</head>
<body>
  <div class='ocr_page' id='page_1' title='image "./theologica00bailuoft_0023.png"; bbox 0 0 1852 3250; ppageno 0'>
   <div class='ocr_carea' id='block_1_1' title="bbox 663 163 1592 216">
    <p class='ocr_par' dir='ltr' id='par_1_1' title="bbox 663 163 1592 216">
     <span class='ocr_line' id='line_1_1' title="bbox 663 163 1592 216; baseline -0.011 -3"><span class='ocrx_word' id='word_1_1' title='bbox 663 163 758 213; x_wconf 86' lang='lat' dir='ltr'><strong>DE</strong></span> <span class='ocrx_word' id='word_1_2' title='bbox 796 163 1091 212; x_wconf 76' lang='lat' dir='ltr'><strong>ORDINE.</strong></span> <span class='ocrx_word' id='word_1_3' title='bbox 1532 170 1592 216; x_wconf 83' lang='lat'><strong>19</strong></span> 
     </span>
    </p>
   </div>
   <div class='ocr_carea' id='block_1_2' title="bbox 164 299 1604 3009">
    <p class='ocr_par' dir='ltr' id='par_1_2' title="bbox 164 299 1585 640">
     <span class='ocr_line' id='line_1_2' title="bbox 164 299 1584 364; baseline -0.004 -10"><span class='ocrx_word' id='word_1_4' title='bbox 164 316 297 353; x_wconf 82' lang='lat' dir='ltr'><strong>tores</strong></span> <span class='ocrx_word' id='word_1_5' title='bbox 323 302 606 351; x_wconf 85' lang='lat' dir='ltr'><strong>Graecorum</strong></span> <span class='ocrx_word' id='word_1_6' title='bbox 645 300 862 349; x_wconf 86' lang='lat' dir='ltr'><strong>meminit</strong></span> <span class='ocrx_word' id='word_1_7' title='bbox 897 301 1199 364; x_wconf 85' lang='lat' dir='ltr'><strong>acolytatus:</strong></span> <span class='ocrx_word' id='word_1_8' title='bbox 1249 299 1475 358; x_wconf 80' lang='lat' dir='ltr'><em>Volumus,</em></span> <span class='ocrx_word' id='word_1_9' title='bbox 1511 301 1584 348; x_wconf 84' lang='lat' dir='ltr'><strong>in-</strong></span> 
     </span>
     <span class='ocr_line' id='line_1_3' title="bbox 167 370 1584 436; baseline -0.002 -16"><span class='ocrx_word' id='word_1_10' title='bbox 167 373 287 436; x_wconf 83' lang='lat' dir='ltr'><strong>quit,</strong></span> <span class='ocrx_word' id='word_1_11' title='bbox 325 378 375 419; x_wconf 81' lang='lat' dir='ltr'><strong>ut</strong></span> <span class='ocrx_word' id='word_1_12' title='bbox 418 370 750 435; x_wconf 81' lang='lat' dir='ltr'><strong>promovendus</strong></span> <span class='ocrx_word' id='word_1_13' title='bbox 791 371 857 417; x_wconf 88' lang='lat' dir='ltr'><strong>ad</strong></span> <span class='ocrx_word' id='word_1_14' title='bbox 901 371 1228 435; x_wconf 76' lang='lat' dir='ltr'><strong>Episcopatum</strong></span> <span class='ocrx_word' id='word_1_15' title='bbox 1277 371 1338 418; x_wconf 77' lang='lat' dir='ltr'><strong>sit</strong></span> <span class='ocrx_word' id='word_1_16' title='bbox 1381 371 1584 434; x_wconf 81' lang='lat' dir='ltr'><strong>primum</strong></span> 
     </span>
     <span class='ocr_line' id='line_1_4' title="bbox 166 436 1585 503; baseline -0.003 -14"><span class='ocrx_word' id='word_1_17' title='bbox 166 444 350 495; x_wconf 80' lang='lat' dir='ltr'><em>Lector,</em></span> <span class='ocrx_word' id='word_1_18' title='bbox 377 438 545 486; x_wconf 83' lang='lat' dir='ltr'><strong>deinde</strong></span> <span class='ocrx_word' id='word_1_19' title='bbox 566 436 801 502; x_wconf 46' lang='lat' dir='ltr'><strong>Aeol-ytres,</strong></span> <span class='ocrx_word' id='word_1_20' title='bbox 821 445 983 503; x_wconf 79' lang='lat' dir='ltr'><strong>postea</strong></span> <span class='ocrx_word' id='word_1_21' title='bbox 1009 439 1269 494; x_wconf 79' lang='lat' dir='ltr'><strong>Diaconus,</strong></span> <span class='ocrx_word' id='word_1_22' title='bbox 1306 447 1399 496; x_wconf 73' lang='lat' dir='ltr'><strong>tum</strong></span> <span class='ocrx_word' id='word_1_23' title='bbox 1420 436 1585 485; x_wconf 68' lang='lat' dir='ltr'><strong>Praes-</strong></span> 
     </span>
     <span class='ocr_line' id='line_1_5' title="bbox 165 505 1583 572; baseline -0.001 -16"><span class='ocrx_word' id='word_1_24' title='bbox 165 509 309 572; x_wconf 67' lang='lat' dir='ltr'><strong>byter,</strong></span> <span class='ocrx_word' id='word_1_25' title='bbox 338 506 546 571; x_wconf 78' lang='lat' dir='ltr'><strong>posthaec</strong></span> <span class='ocrx_word' id='word_1_26' title='bbox 571 506 842 571; x_wconf 76' lang='lat' dir='ltr'><em>Episcopus.</em></span> <span class='ocrx_word' id='word_1_27' title='bbox 915 505 1051 570; x_wconf 84' lang='lat' dir='ltr'><strong>Ergo.</strong></span> <span class='ocrx_word' id='word_1_28' title='bbox 1068 505 1194 554; x_wconf 86' lang='lat' dir='ltr'><strong>inter</strong></span> <span class='ocrx_word' id='word_1_29' title='bbox 1215 506 1417 554; x_wconf 89' lang='lat' dir='ltr'><strong>Graecos</strong></span> <span class='ocrx_word' id='word_1_30' title='bbox 1444 517 1583 554; x_wconf 87' lang='lat' dir='ltr'><strong>erant</strong></span> 
     </span>
     <span class='ocr_line' id='line_1_6' title="bbox 166 574 381 640; baseline -0.014 -17"><span class='ocrx_word' id='word_1_31' title='bbox 166 574 381 640; x_wconf 91' lang='lat' dir='ltr'><strong>Acolyti.</strong></span> 
     </span>
    </p>

    <p class='ocr_par' dir='ltr' id='par_1_3' title="bbox 165 640 1585 1320">
     <span class='ocr_line' id='line_1_7' title="bbox 235 640 1583 707; baseline 0.001 -17"><span class='ocrx_word' id='word_1_32' title='bbox 235 644 299 692; x_wconf 81' lang='lat' dir='ltr'><strong>R.</strong></span> <span class='ocrx_word' id='word_1_33' title='bbox 337 643 386 692; x_wconf 87' lang='lat' dir='ltr'><strong>S.</strong></span> <span class='ocrx_word' id='word_1_34' title='bbox 409 640 698 690; x_wconf 89' lang='lat' dir='ltr'><strong>Pontificem</strong></span> <span class='ocrx_word' id='word_1_35' title='bbox 738 658 825 705; x_wconf 88' lang='lat' dir='ltr'><strong>per</strong></span> <span class='ocrx_word' id='word_1_36' title='bbox 864 642 1164 707; x_wconf 85' lang='lat' dir='ltr'><strong>acolytatum</strong></span> <span class='ocrx_word' id='word_1_37' title='bbox 1203 641 1270 690; x_wconf 89' lang='lat' dir='ltr'><strong>ibi</strong></span> <span class='ocrx_word' id='word_1_38' title='bbox 1307 641 1583 705; x_wconf 85' lang='lat' dir='ltr'><strong>intelligere</strong></span> 
     </span>
     <span class='ocr_line' id='line_1_8' title="bbox 171 709 1585 774; baseline 0 -15"><span class='ocrx_word' id='word_1_39' title='bbox 171 710 590 768; x_wconf 89' lang='lat' dir='ltr'><strong>subdiaconatum,</strong></span> <span class='ocrx_word' id='word_1_40' title='bbox 627 714 764 771; x_wconf 87' lang='lat' dir='ltr'><strong>cujus</strong></span> <span class='ocrx_word' id='word_1_41' title='bbox 797 709 953 758; x_wconf 90' lang='lat' dir='ltr'><strong>officia</strong></span> <span class='ocrx_word' id='word_1_42' title='bbox 976 711 1211 774; x_wconf 81' lang='lat' dir='ltr'>pleraque</span> <span class='ocrx_word' id='word_1_43' title='bbox 1236 710 1333 759; x_wconf 88' lang='lat' dir='ltr'><strong>suis</strong></span> <span class='ocrx_word' id='word_1_44' title='bbox 1360 710 1585 772; x_wconf 87' lang='lat' dir='ltr'><strong>Acolytis</strong></span> 
     </span>
     <span class='ocr_line' id='line_1_9' title="bbox 168 778 1581 835; baseline 0 -8"><span class='ocrx_word' id='word_1_45' title='bbox 168 778 330 827; x_wconf 87' lang='lat' dir='ltr'><strong>Graeci</strong></span> <span class='ocrx_word' id='word_1_46' title='bbox 372 778 758 827; x_wconf 86' lang='lat' dir='ltr'><strong>committebant.</strong></span> <span class='ocrx_word' id='word_1_47' title='bbox 855 778 1082 828; x_wconf 88' lang='lat' dir='ltr'><strong>Summus</strong></span> <span class='ocrx_word' id='word_1_48' title='bbox 1140 779 1269 827; x_wconf 88' lang='lat' dir='ltr'><strong>enim</strong></span> <span class='ocrx_word' id='word_1_49' title='bbox 1331 779 1581 835; x_wconf 74' lang='lat' dir='ltr'><strong>PontifeX,</strong></span> 
     </span>
     <span class='ocr_line' id='line_1_10' title="bbox 165 846 1585 911; baseline 0 -17"><span class='ocrx_word' id='word_1_50' title='bbox 165 847 488 911; x_wconf 71' lang='lat' dir='ltr'><strong>praetermisso</strong></span> <span class='ocrx_word' id='word_1_51' title='bbox 512 846 881 903; x_wconf 85' lang='lat' dir='ltr'><strong>subdiaconatu,</strong></span> <span class='ocrx_word' id='word_1_52' title='bbox 918 847 1136 895; x_wconf 86' lang='lat' dir='ltr'><strong>secundo</strong></span> <span class='ocrx_word' id='word_1_53' title='bbox 1162 849 1272 895; x_wconf 78' lang='lat' dir='ltr'><strong>loco</strong></span> <span class='ocrx_word' id='word_1_54' title='bbox 1309 847 1444 911; x_wconf 89' lang='lat' dir='ltr'><strong>ponit</strong></span> <span class='ocrx_word' id='word_1_55' title='bbox 1470 863 1585 894; x_wconf 82' lang='lat' dir='ltr'><strong>aco-</strong></span> 
     </span>
     <span class='ocr_line' id='line_1_11' title="bbox 166 914 1582 981; baseline -0.001 -19"><span class='ocrx_word' id='word_1_56' title='bbox 166 917 391 981; x_wconf 86' lang='lat' dir='ltr'><strong>lytatum.</strong></span> <span class='ocrx_word' id='word_1_57' title='bbox 461 914 580 969; x_wconf 81' lang='lat' dir='ltr'><strong>Quis</strong></span> <span class='ocrx_word' id='word_1_58' title='bbox 618 931 763 979; x_wconf 74' lang='lat' dir='ltr'><strong>porro</strong></span> <span class='ocrx_word' id='word_1_59' title='bbox 802 915 1065 963; x_wconf 86' lang='lat' dir='ltr'><strong>crediderit</strong></span> <span class='ocrx_word' id='word_1_60' title='bbox 1105 916 1340 964; x_wconf 85' lang='lat' dir='ltr'><strong>Ordinem</strong></span> <span class='ocrx_word' id='word_1_61' title='bbox 1390 931 1582 963; x_wconf 87' lang='lat' dir='ltr'><strong>sacrum</strong></span> 
     </span>
     <span class='ocr_line' id='line_1_12' title="bbox 168 982 1584 1047; baseline -0.001 -16"><span class='ocrx_word' id='word_1_62' title='bbox 168 983 298 1047; x_wconf 86' lang='lat' dir='ltr'><strong>apud</strong></span> <span class='ocrx_word' id='word_1_63' title='bbox 325 983 526 1031; x_wconf 74' lang='lat' dir='ltr'><strong>Graecos</strong></span> <span class='ocrx_word' id='word_1_64' title='bbox 566 983 780 1043; x_wconf 81' lang='lat' dir='ltr'><strong>omnium</strong></span> <span class='ocrx_word' id='word_1_65' title='bbox 816 984 1103 1031; x_wconf 81' lang='lat' dir='ltr'><strong>saeculorum</strong></span> <span class='ocrx_word' id='word_1_66' title='bbox 1142 983 1397 1047; x_wconf 85' lang='lat' dir='ltr'><strong>disciplina</strong></span> <span class='ocrx_word' id='word_1_67' title='bbox 1433 982 1584 1031; x_wconf 89' lang='lat' dir='ltr'><strong>notis-</strong></span> 
     </span>
     <span class='ocr_line' id='line_1_13' title="bbox 166 1051 1585 1115; baseline -0.001 -16"><span class='ocrx_word' id='word_1_68' title='bbox 166 1054 338 1099; x_wconf 87' lang='lat' dir='ltr'><strong>simum</strong></span> <span class='ocrx_word' id='word_1_69' title='bbox 373 1067 401 1098; x_wconf 88' lang='lat' dir='ltr'><strong>a</strong></span> <span class='ocrx_word' id='word_1_70' title='bbox 425 1052 615 1100; x_wconf 85' lang='lat' dir='ltr'><strong>Joanne</strong></span> <span class='ocrx_word' id='word_1_71' title='bbox 641 1051 787 1098; x_wconf 88' lang='lat' dir='ltr'>VIII.</span> <span class='ocrx_word' id='word_1_72' title='bbox 812 1052 945 1099; x_wconf 89' lang='lat' dir='ltr'><strong>velut</strong></span> <span class='ocrx_word' id='word_1_73' title='bbox 969 1051 1185 1100; x_wconf 90' lang='lat' dir='ltr'><strong>inutilem</strong></span> <span class='ocrx_word' id='word_1_74' title='bbox 1212 1053 1359 1100; x_wconf 85' lang='lat' dir='ltr'><strong>fuisse</strong></span> <span class='ocrx_word' id='word_1_75' title='bbox 1383 1062 1585 1115; x_wconf 76' lang='lat' dir='ltr'><strong>proeter-</strong></span> 
     </span>
     <span class='ocr_line' id='line_1_14' title="bbox 167 1118 1585 1185; baseline -0.001 -18"><span class='ocrx_word' id='word_1_76' title='bbox 167 1119 364 1167; x_wconf 88' lang='lat' dir='ltr'><strong>missum</strong></span> <span class='ocrx_word' id='word_1_77' title='bbox 402 1130 455 1167; x_wconf 93' lang='lat' dir='ltr'><strong>ut</strong></span> <span class='ocrx_word' id='word_1_78' title='bbox 491 1118 539 1165; x_wconf 90' lang='lat' dir='ltr'><strong>in</strong></span> <span class='ocrx_word' id='word_1_79' title='bbox 581 1123 683 1181; x_wconf 89' lang='lat' dir='ltr'><strong>ejus</strong></span> <span class='ocrx_word' id='word_1_80' title='bbox 720 1120 883 1167; x_wconf 89' lang='lat' dir='ltr'><strong>locum</strong></span> <span class='ocrx_word' id='word_1_81' title='bbox 921 1121 1268 1183; x_wconf 83' lang='lat' dir='ltr'><strong>subrogaretur</strong></span> <span class='ocrx_word' id='word_1_82' title='bbox 1309 1121 1585 1185; x_wconf 83' lang='lat' dir='ltr'><strong>acolytatus</strong></span> 
     </span>
     <span class='ocr_line' id='line_1_15' title="bbox 169 1186 1584 1252; baseline 0 -17"><span class='ocrx_word' id='word_1_83' title='bbox 169 1187 299 1252; x_wconf 87' lang='lat' dir='ltr'><strong>apud</strong></span> <span class='ocrx_word' id='word_1_84' title='bbox 336 1204 418 1236; x_wconf 84' lang='lat' dir='ltr'><strong>eos</strong></span> <span class='ocrx_word' id='word_1_85' title='bbox 454 1186 726 1244; x_wconf 89' lang='lat' dir='ltr'><strong>inusitatus,</strong></span> <span class='ocrx_word' id='word_1_86' title='bbox 764 1193 900 1250; x_wconf 71' lang='lat' dir='ltr'><strong>quus</strong></span> <span class='ocrx_word' id='word_1_87' title='bbox 937 1188 1220 1237; x_wconf 86' lang='lat' dir='ltr'><strong>conferendi</strong></span> <span class='ocrx_word' id='word_1_88' title='bbox 1257 1189 1401 1237; x_wconf 88' lang='lat' dir='ltr'><strong>ritum</strong></span> <span class='ocrx_word' id='word_1_89' title='bbox 1438 1188 1584 1236; x_wconf 74' lang='lat' dir='ltr'><strong>silent</strong></span> 
     </span>
     <span class='ocr_line' id='line_1_16' title="bbox 168 1256 903 1320; baseline 0.001 -17"><span class='ocrx_word' id='word_1_90' title='bbox 168 1272 360 1320; x_wconf 88' lang='lat' dir='ltr'><strong>prorsus</strong></span> <span class='ocrx_word' id='word_1_91' title='bbox 385 1272 552 1304; x_wconf 86' lang='lat' dir='ltr'><strong>eorum</strong></span> <span class='ocrx_word' id='word_1_92' title='bbox 582 1256 903 1319; x_wconf 73' lang='lat' dir='ltr'><strong>Eucliologia.</strong></span> 
     </span>
    </p>

    <p class='ocr_par' dir='ltr' id='par_1_4' title="bbox 168 1323 1585 1454">
     <span class='ocr_line' id='line_1_17' title="bbox 222 1323 1585 1388; baseline -0.001 -15"><span class='ocrx_word' id='word_1_93' title='bbox 222 1325 379 1373; x_wconf 65' lang='lat' dir='ltr'><strong>,Dices</strong></span> <span class='ocrx_word' id='word_1_94' title='bbox 402 1328 467 1371; x_wconf 82' lang='lat'><strong>4⁰.</strong></span> <span class='ocrx_word' id='word_1_95' title='bbox 505 1323 708 1371; x_wconf 85' lang='lat' dir='ltr'><strong>Gabriel</strong></span> <span class='ocrx_word' id='word_1_96' title='bbox 734 1324 1168 1388; x_wconf 87' lang='lat' dir='ltr'><strong>Philadelphiensis</strong></span> <span class='ocrx_word' id='word_1_97' title='bbox 1192 1325 1239 1372; x_wconf 87' lang='lat' dir='ltr'><strong>in</strong></span> <span class='ocrx_word' id='word_1_98' title='bbox 1268 1324 1383 1373; x_wconf 86' lang='lat' dir='ltr'><strong>Lib.</strong></span> <span class='ocrx_word' id='word_1_99' title='bbox 1407 1324 1469 1373; x_wconf 86' lang='lat' dir='ltr'><strong>de</strong></span> <span class='ocrx_word' id='word_1_100' title='bbox 1499 1324 1585 1372; x_wconf 82' lang='lat' dir='ltr'><strong>Sa-</strong></span> 
     </span>
     <span class='ocr_line' id='line_1_18' title="bbox 168 1391 1174 1454; baseline 0.002 -15"><span class='ocrx_word' id='word_1_101' title='bbox 168 1391 444 1448; x_wconf 88' lang='lat' dir='ltr'><strong>cramentis‚</strong></span> <span class='ocrx_word' id='word_1_102' title='bbox 480 1402 666 1454; x_wconf 85' lang='lat' dir='ltr'><strong>septem</strong></span> <span class='ocrx_word' id='word_1_103' title='bbox 695 1392 905 1439; x_wconf 87' lang='lat' dir='ltr'><strong>Ordines</strong></span> <span class='ocrx_word' id='word_1_104' title='bbox 933 1404 1174 1441; x_wconf 86' lang='lat' dir='ltr'><strong>recenset.</strong></span> 
     </span>
    </p>

    <p class='ocr_par' dir='ltr' id='par_1_5' title="bbox 170 1459 1593 1932">
     <span class='ocr_line' id='line_1_19' title="bbox 237 1459 1586 1524; baseline 0.001 -18"><span class='ocrx_word' id='word_1_105' title='bbox 237 1461 299 1507; x_wconf 79' lang='lat' dir='ltr'><strong>R.</strong></span> <span class='ocrx_word' id='word_1_106' title='bbox 323 1459 505 1506; x_wconf 85' lang='lat' dir='ltr'><strong>nullam</strong></span> <span class='ocrx_word' id='word_1_107' title='bbox 531 1475 636 1507; x_wconf 90' lang='lat' dir='ltr'><strong>esse</strong></span> <span class='ocrx_word' id='word_1_108' title='bbox 655 1459 780 1506; x_wconf 90' lang='lat' dir='ltr'><strong>illius</strong></span> <span class='ocrx_word' id='word_1_109' title='bbox 816 1460 1174 1519; x_wconf 87' lang='lat' dir='ltr'><strong>auctoritatem,</strong></span> <span class='ocrx_word' id='word_1_110' title='bbox 1212 1476 1423 1524; x_wconf 89' lang='lat' dir='ltr'><strong>eumque</strong></span> <span class='ocrx_word' id='word_1_111' title='bbox 1448 1460 1586 1508; x_wconf 89' lang='lat' dir='ltr'><strong>Lati-</strong></span> 
     </span>
     <span class='ocr_line' id='line_1_20' title="bbox 171 1527 1584 1592; baseline 0.001 -17"><span class='ocrx_word' id='word_1_112' title='bbox 171 1543 258 1576; x_wconf 92' lang='lat' dir='ltr'><strong>nos</strong></span> <span class='ocrx_word' id='word_1_113' title='bbox 284 1543 394 1575; x_wconf 88' lang='lat' dir='ltr'><strong>cum</strong></span> <span class='ocrx_word' id='word_1_114' title='bbox 422 1527 609 1575; x_wconf 85' lang='lat' dir='ltr'><strong>Graecis</strong></span> <span class='ocrx_word' id='word_1_115' title='bbox 636 1527 882 1575; x_wconf 88' lang='lat' dir='ltr'><strong>conciliari</strong></span> <span class='ocrx_word' id='word_1_116' title='bbox 908 1528 1150 1575; x_wconf 87' lang='lat' dir='ltr'><strong>volentem</strong></span> <span class='ocrx_word' id='word_1_117' title='bbox 1177 1530 1236 1576; x_wconf 87' lang='lat' dir='ltr'><strong>ab</strong></span> <span class='ocrx_word' id='word_1_118' title='bbox 1258 1530 1459 1592; x_wconf 88' lang='lat' dir='ltr'><strong>antiquo</strong></span> <span class='ocrx_word' id='word_1_119' title='bbox 1484 1545 1584 1576; x_wconf 87' lang='lat' dir='ltr'><strong>suae</strong></span> 
     </span>
     <span class='ocr_line' id='line_1_21' title="bbox 172 1594 1585 1660; baseline -0.001 -17"><span class='ocrx_word' id='word_1_120' title='bbox 172 1595 409 1649; x_wconf 81' lang='lat' dir='ltr'><strong>Ecclesiae</strong></span> <span class='ocrx_word' id='word_1_121' title='bbox 440 1611 529 1643; x_wconf 93' lang='lat' dir='ltr'><strong>usu</strong></span> <span class='ocrx_word' id='word_1_122' title='bbox 568 1594 841 1643; x_wconf 84' lang='lat' dir='ltr'><strong>recessisse.</strong></span> <span class='ocrx_word' id='word_1_123' title='bbox 913 1596 1128 1644; x_wconf 89' lang='lat' dir='ltr'><strong>Aliunde</strong></span> <span class='ocrx_word' id='word_1_124' title='bbox 1164 1597 1426 1660; x_wconf 88' lang='lat' dir='ltr'><strong>nequidem</strong></span> <span class='ocrx_word' id='word_1_125' title='bbox 1471 1613 1585 1644; x_wconf 85' lang='lat' dir='ltr'><strong>cum</strong></span> 
     </span>
     <span class='ocr_line' id='line_1_22' title="bbox 171 1663 1582 1729; baseline 0 -18"><span class='ocrx_word' id='word_1_126' title='bbox 171 1663 357 1711; x_wconf 87' lang='lat' dir='ltr'><strong>Latinis</strong></span> <span class='ocrx_word' id='word_1_127' title='bbox 400 1663 658 1720; x_wconf 87' lang='lat' dir='ltr'><strong>consentit,</strong></span> <span class='ocrx_word' id='word_1_128' title='bbox 696 1679 806 1711; x_wconf 88' lang='lat' dir='ltr'><strong>cum</strong></span> <span class='ocrx_word' id='word_1_129' title='bbox 846 1663 1119 1712; x_wconf 88' lang='lat' dir='ltr'><strong>Janitorum</strong></span> <span class='ocrx_word' id='word_1_130' title='bbox 1164 1675 1211 1713; x_wconf 90' lang='lat' dir='ltr'><strong>et</strong></span> <span class='ocrx_word' id='word_1_131' title='bbox 1255 1666 1582 1729; x_wconf 88' lang='lat' dir='ltr'><strong>Acolytorum</strong></span> 
     </span>
     <span class='ocr_line' id='line_1_23' title="bbox 170 1731 1593 1796; baseline 0 -16"><span class='ocrx_word' id='word_1_132' title='bbox 170 1732 399 1780; x_wconf 84' lang='lat' dir='ltr'><strong>eumdem</strong></span> <span class='ocrx_word' id='word_1_133' title='bbox 422 1731 657 1779; x_wconf 88' lang='lat' dir='ltr'><strong>Ordinem</strong></span> <span class='ocrx_word' id='word_1_134' title='bbox 679 1731 845 1788; x_wconf 85' lang='lat' dir='ltr'><strong>faciat,</strong></span> <span class='ocrx_word' id='word_1_135' title='bbox 874 1733 1114 1796; x_wconf 90' lang='lat' dir='ltr'><strong>Acolytos</strong></span> <span class='ocrx_word' id='word_1_136' title='bbox 1137 1733 1261 1781; x_wconf 88' lang='lat' dir='ltr'><strong>infra</strong></span> <span class='ocrx_word' id='word_1_137' title='bbox 1283 1733 1593 1789; x_wconf 77' lang='lat' dir='ltr'><strong>Exorcistas,</strong></span> 
     </span>
     <span class='ocr_line' id='line_1_24' title="bbox 172 1799 1586 1866; baseline -0.001 -18"><span class='ocrx_word' id='word_1_138' title='bbox 172 1811 220 1848; x_wconf 90' lang='lat' dir='ltr'><strong>et</strong></span> <span class='ocrx_word' id='word_1_139' title='bbox 249 1800 529 1847; x_wconf 87' lang='lat' dir='ltr'><strong>Exorcistas</strong></span> <span class='ocrx_word' id='word_1_140' title='bbox 553 1799 677 1846; x_wconf 84' lang='lat' dir='ltr'><strong>infra</strong></span> <span class='ocrx_word' id='word_1_141' title='bbox 700 1800 939 1848; x_wconf 87' lang='lat' dir='ltr'><strong>Lectores</strong></span> <span class='ocrx_word' id='word_1_142' title='bbox 964 1801 1189 1860; x_wconf 89' lang='lat' dir='ltr'><strong>collocet,</strong></span> <span class='ocrx_word' id='word_1_143' title='bbox 1225 1801 1586 1866; x_wconf 86' lang='lat' dir='ltr'><strong>episcopatum-</strong></span> 
     </span>
     <span class='ocr_line' id='line_1_25' title="bbox 172 1868 874 1932; baseline 0 -17"><span class='ocrx_word' id='word_1_144' title='bbox 172 1884 267 1932; x_wconf 87' lang='lat' dir='ltr'><strong>que</strong></span> <span class='ocrx_word' id='word_1_145' title='bbox 291 1868 497 1930; x_wconf 85' lang='lat' dir='ltr'><strong>septimo</strong></span> <span class='ocrx_word' id='word_1_146' title='bbox 522 1868 632 1916; x_wconf 89' lang='lat' dir='ltr'><strong>loco</strong></span> <span class='ocrx_word' id='word_1_147' title='bbox 657 1878 874 1931; x_wconf 85' lang='lat' dir='ltr'><strong>reponat.</strong></span> 
     </span>
    </p>

    <p class='ocr_par' dir='ltr' id='par_1_6' title="bbox 174 1935 1585 2059">
     <span class='ocr_line' id='line_1_26' title="bbox 240 1935 1585 2000; baseline 0.001 -17"><span class='ocrx_word' id='word_1_148' title='bbox 240 1935 470 1990; x_wconf 77' lang='lat' dir='ltr'><strong>Quaedam</strong></span> <span class='ocrx_word' id='word_1_149' title='bbox 508 1935 601 1983; x_wconf 89' lang='lat' dir='ltr'><strong>alia</strong></span> <span class='ocrx_word' id='word_1_150' title='bbox 626 1936 770 1996; x_wconf 89' lang='lat' dir='ltr'><strong>objici</strong></span> <span class='ocrx_word' id='word_1_151' title='bbox 805 1937 980 1994; x_wconf 88' lang='lat' dir='ltr'><strong>solent,</strong></span> <span class='ocrx_word' id='word_1_152' title='bbox 1014 1936 1102 1985; x_wconf 90' lang='lat' dir='ltr'><strong>sed</strong></span> <span class='ocrx_word' id='word_1_153' title='bbox 1135 1954 1199 1985; x_wconf 84' lang='lat' dir='ltr'><strong>ex</strong></span> <span class='ocrx_word' id='word_1_154' title='bbox 1225 1936 1281 1984; x_wconf 89' lang='lat' dir='ltr'><strong>iis</strong></span> <span class='ocrx_word' id='word_1_155' title='bbox 1307 1954 1414 2000; x_wconf 85' lang='lat' dir='ltr'><strong>quae</strong></span> <span class='ocrx_word' id='word_1_156' title='bbox 1439 1937 1585 1984; x_wconf 87' lang='lat' dir='ltr'><strong>modo</strong></span> 
     </span>
     <span class='ocr_line' id='line_1_27' title="bbox 174 2003 1027 2059; baseline -0.001 -8"><span class='ocrx_word' id='word_1_157' title='bbox 174 2003 306 2051; x_wconf 86' lang='lat' dir='ltr'><strong>dicta</strong></span> <span class='ocrx_word' id='word_1_158' title='bbox 329 2014 438 2051; x_wconf 89' lang='lat' dir='ltr'><strong>sunt</strong></span> <span class='ocrx_word' id='word_1_159' title='bbox 462 2003 607 2051; x_wconf 86' lang='lat' dir='ltr'><strong>facile</strong></span> <span class='ocrx_word' id='word_1_160' title='bbox 632 2004 897 2052; x_wconf 86' lang='lat' dir='ltr'><strong>diluuntur.</strong></span> <span class='ocrx_word' id='word_1_161' title='bbox 1014 2052 1027 2059; x_wconf 47' lang='grc'>,</span> 
     </span>
    </p>

    <p class='ocr_par' dir='ltr' id='par_1_7' title="bbox 173 2071 1591 2187">
     <span class='ocr_line' id='line_1_28' title="bbox 248 2071 1591 2134; baseline 0.001 -15"><span class='ocrx_word' id='word_1_162' title='bbox 248 2071 439 2127; x_wconf 77' lang='lat' dir='ltr'><strong>Quoeres</strong></span> <span class='ocrx_word' id='word_1_163' title='bbox 464 2074 528 2119; x_wconf 76' lang='lat'><strong>2⁰·</strong></span> <span class='ocrx_word' id='word_1_164' title='bbox 563 2071 805 2134; x_wconf 91' lang='lat' dir='ltr'><strong>quomodo</strong></span> <span class='ocrx_word' id='word_1_165' title='bbox 848 2071 1058 2121; x_wconf 90' lang='lat' dir='ltr'><strong>Ordines</strong></span> <span class='ocrx_word' id='word_1_166' title='bbox 1099 2089 1229 2121; x_wconf 90' lang='lat' dir='ltr'><strong>nunc</strong></span> <span class='ocrx_word' id='word_1_167' title='bbox 1270 2072 1319 2120; x_wconf 91' lang='lat' dir='ltr'><strong>in</strong></span> <span class='ocrx_word' id='word_1_168' title='bbox 1365 2072 1591 2122; x_wconf 79' lang='lat' dir='ltr'><strong>Ecclesia</strong></span> 
     </span>
     <span class='ocr_line' id='line_1_29' title="bbox 173 2138 658 2187; baseline -0.002 -1"><span class='ocrx_word' id='word_1_169' title='bbox 173 2138 321 2187; x_wconf 89' lang='lat' dir='ltr'><strong>latina</strong></span> <span class='ocrx_word' id='word_1_170' title='bbox 344 2138 658 2187; x_wconf 83' lang='lat' dir='ltr'><strong>dividantur?</strong></span> 
     </span>
    </p>

    <p class='ocr_par' dir='ltr' id='par_1_8' title="bbox 176 2206 1604 3009">
     <span class='ocr_line' id='line_1_30' title="bbox 245 2206 1591 2269; baseline 0 -13"><span class='ocrx_word' id='word_1_171' title='bbox 245 2208 308 2256; x_wconf 87' lang='lat' dir='ltr'><strong>R.</strong></span> <span class='ocrx_word' id='word_1_172' title='bbox 341 2206 449 2255; x_wconf 92' lang='lat' dir='ltr'><strong>illos</strong></span> <span class='ocrx_word' id='word_1_173' title='bbox 484 2207 631 2255; x_wconf 89' lang='lat' dir='ltr'><strong>dividi</strong></span> <span class='ocrx_word' id='word_1_174' title='bbox 656 2207 704 2255; x_wconf 93' lang='lat' dir='ltr'><strong>in</strong></span> <span class='ocrx_word' id='word_1_175' title='bbox 730 2212 933 2269; x_wconf 71' lang='lat' dir='ltr'><strong>maiores</strong></span> <span class='ocrx_word' id='word_1_176' title='bbox 968 2224 1055 2257; x_wconf 84' lang='lat' dir='ltr'><strong>seu</strong></span> <span class='ocrx_word' id='word_1_177' title='bbox 1090 2225 1269 2266; x_wconf 85' lang='lat' dir='ltr'><strong>sacros,</strong></span> <span class='ocrx_word' id='word_1_178' title='bbox 1307 2219 1354 2259; x_wconf 90' lang='lat' dir='ltr'><strong>et</strong></span> <span class='ocrx_word' id='word_1_179' title='bbox 1381 2209 1591 2258; x_wconf 88' lang='lat' dir='ltr'><strong>minores</strong></span> 
     </span>
     <span class='ocr_line' id='line_1_31' title="bbox 176 2277 1599 2341; baseline 0.001 -18"><span class='ocrx_word' id='word_1_180' title='bbox 176 2291 261 2323; x_wconf 90' lang='lat' dir='ltr'><strong>seu</strong></span> <span class='ocrx_word' id='word_1_181' title='bbox 287 2290 382 2321; x_wconf 86' lang='lat' dir='ltr'><strong>non</strong></span> <span class='ocrx_word' id='word_1_182' title='bbox 407 2291 586 2323; x_wconf 85' lang='lat' dir='ltr'><strong>sacros.</strong></span> <span class='ocrx_word' id='word_1_183' title='bbox 655 2277 789 2324; x_wconf 88' lang='lat' dir='ltr'><strong>Inter</strong></span> <span class='ocrx_word' id='word_1_184' title='bbox 817 2277 1026 2324; x_wconf 87' lang='lat' dir='ltr'><strong>Ordines</strong></span> <span class='ocrx_word' id='word_1_185' title='bbox 1069 2284 1273 2341; x_wconf 84' lang='lat' dir='ltr'><strong>majores</strong></span> <span class='ocrx_word' id='word_1_186' title='bbox 1315 2295 1400 2326; x_wconf 90' lang='lat' dir='ltr'><strong>seu</strong></span> <span class='ocrx_word' id='word_1_187' title='bbox 1427 2294 1599 2325; x_wconf 63' lang='lat' dir='ltr'><strong>sacros&gt;</strong></span> 
     </span>
     <span class='ocr_line' id='line_1_32' title="bbox 180 2343 1593 2409; baseline 0.003 -20"><span class='ocrx_word' id='word_1_188' title='bbox 180 2343 483 2391; x_wconf 86' lang='lat' dir='ltr'><strong>collocantur</strong></span> <span class='ocrx_word' id='word_1_189' title='bbox 523 2345 913 2409; x_wconf 77' lang='lat' dir='ltr'><strong>praesbyteratus,</strong></span> <span class='ocrx_word' id='word_1_190' title='bbox 953 2346 1236 2394; x_wconf 85' lang='lat' dir='ltr'><strong>diaconatus</strong></span> <span class='ocrx_word' id='word_1_191' title='bbox 1263 2356 1310 2394; x_wconf 90' lang='lat' dir='ltr'><strong>et</strong></span> <span class='ocrx_word' id='word_1_192' title='bbox 1335 2346 1593 2393; x_wconf 85' lang='lat' dir='ltr'><strong>subdiaco-</strong></span> 
     </span>
     <span class='ocr_line' id='line_1_33' title="bbox 178 2411 1594 2476; baseline 0.001 -18"><span class='ocrx_word' id='word_1_193' title='bbox 178 2423 347 2458; x_wconf 88' lang='lat' dir='ltr'><strong>natus:</strong></span> <span class='ocrx_word' id='word_1_194' title='bbox 383 2411 510 2460; x_wconf 88' lang='lat' dir='ltr'><strong>inter</strong></span> <span class='ocrx_word' id='word_1_195' title='bbox 546 2412 754 2461; x_wconf 90' lang='lat' dir='ltr'><strong>minores</strong></span> <span class='ocrx_word' id='word_1_196' title='bbox 793 2429 907 2460; x_wconf 88' lang='lat' dir='ltr'><strong>vero</strong></span> <span class='ocrx_word' id='word_1_197' title='bbox 944 2430 1031 2461; x_wconf 82' lang='lat' dir='ltr'><strong>seu</strong></span> <span class='ocrx_word' id='word_1_198' title='bbox 1055 2430 1150 2460; x_wconf 87' lang='lat' dir='ltr'><strong>non</strong></span> <span class='ocrx_word' id='word_1_199' title='bbox 1186 2430 1350 2461; x_wconf 88' lang='lat' dir='ltr'><strong>sacros</strong></span> <span class='ocrx_word' id='word_1_200' title='bbox 1386 2425 1594 2476; x_wconf 86' lang='lat' dir='ltr'><strong>quatuor</strong></span> 
     </span>
     <span class='ocr_line' id='line_1_34' title="bbox 179 2478 1593 2545; baseline 0.002 -20"><span class='ocrx_word' id='word_1_201' title='bbox 179 2478 259 2526; x_wconf 89' lang='lat' dir='ltr'><strong>alii</strong></span> <span class='ocrx_word' id='word_1_202' title='bbox 295 2491 626 2527; x_wconf 89' lang='lat' dir='ltr'><strong>recensentur.</strong></span> <span class='ocrx_word' id='word_1_203' title='bbox 698 2482 798 2529; x_wconf 91' lang='lat' dir='ltr'><strong>Cur</strong></span> <span class='ocrx_word' id='word_1_204' title='bbox 825 2481 1035 2529; x_wconf 88' lang='lat' dir='ltr'><strong>Ordines</strong></span> <span class='ocrx_word' id='word_1_205' title='bbox 1074 2482 1196 2529; x_wconf 89' lang='lat' dir='ltr'><strong>sacri</strong></span> <span class='ocrx_word' id='word_1_206' title='bbox 1236 2482 1305 2530; x_wconf 89' lang='lat' dir='ltr'><strong>sic</strong></span> <span class='ocrx_word' id='word_1_207' title='bbox 1342 2483 1593 2545; x_wconf 66' lang='lat' dir='ltr'><strong>appellen-2</strong></span> 
     </span>
     <span class='ocr_line' id='line_1_35' title="bbox 179 2545 1589 2612; baseline 0.002 -18"><span class='ocrx_word' id='word_1_208' title='bbox 179 2557 273 2603; x_wconf 89' lang='lat' dir='ltr'><strong>tur,</strong></span> <span class='ocrx_word' id='word_1_209' title='bbox 309 2545 357 2592; x_wconf 89' lang='lat' dir='ltr'><strong>in</strong></span> <span class='ocrx_word' id='word_1_210' title='bbox 383 2547 513 2595; x_wconf 86' lang='lat' dir='ltr'><strong>bunc</strong></span> <span class='ocrx_word' id='word_1_211' title='bbox 552 2548 747 2596; x_wconf 89' lang='lat' dir='ltr'><strong>modum</strong></span> <span class='ocrx_word' id='word_1_212' title='bbox 785 2549 990 2612; x_wconf 86' lang='lat' dir='ltr'><strong>exponit</strong></span> <span class='ocrx_word' id='word_1_213' title='bbox 1028 2550 1077 2597; x_wconf 76' lang='lat' dir='ltr'><strong>S.</strong></span> <span class='ocrx_word' id='word_1_214' title='bbox 1105 2550 1197 2597; x_wconf 87' lang='lat' dir='ltr'><strong>Th.</strong></span> <span class='ocrx_word' id='word_1_215' title='bbox 1222 2549 1269 2596; x_wconf 91' lang='lat' dir='ltr'><strong>in</strong></span> <span class='ocrx_word' id='word_1_216' title='bbox 1297 2554 1345 2597; x_wconf 20' lang='lat'><strong>4..</strong></span> <span class='ocrx_word' id='word_1_217' title='bbox 1370 2551 1481 2597; x_wconf 89' lang='lat' dir='ltr'><strong>dist.</strong></span> <span class='ocrx_word' id='word_1_218' title='bbox 1507 2552 1589 2597; x_wconf 67' lang='lat'><strong>24.</strong></span> 
     </span>
     <span class='ocr_line' id='line_1_36' title="bbox 182 2617 1593 2682; baseline 0.005 -23"><span class='ocrx_word' id='word_1_219' title='bbox 182 2624 350 2676; x_wconf 86' lang='lat' dir='ltr'><strong>quaest.</strong></span> <span class='ocrx_word' id='word_1_220' title='bbox 388 2618 435 2663; x_wconf 75' lang='lat'><strong>2.</strong></span> <span class='ocrx_word' id='word_1_221' title='bbox 475 2626 564 2664; x_wconf 87' lang='lat' dir='ltr'><strong>art.</strong></span> <span class='ocrx_word' id='word_1_222' title='bbox 618 2621 659 2664; x_wconf 89' lang='lat'><strong>1.</strong></span> <span class='ocrx_word' id='word_1_223' title='bbox 707 2628 874 2680; x_wconf 89' lang='lat' dir='ltr'><strong>quaest.</strong></span> <span class='ocrx_word' id='word_1_224' title='bbox 911 2620 956 2664; x_wconf 80' lang='lat'><strong>3.</strong></span> <span class='ocrx_word' id='word_1_225' title='bbox 1031 2619 1173 2675; x_wconf 83' lang='lat' dir='ltr'><strong>Ordo,</strong></span> <span class='ocrx_word' id='word_1_226' title='bbox 1209 2617 1383 2682; x_wconf 89' lang='lat' dir='ltr'><strong>inquit,</strong></span> <span class='ocrx_word' id='word_1_227' title='bbox 1419 2619 1593 2666; x_wconf 81' lang='lat' dir='ltr'><strong>dicitur</strong></span> 
     </span>
     <span class='ocr_line' id='line_1_37' title="bbox 183 2682 1594 2751; baseline 0.004 -24"><span class='ocrx_word' id='word_1_228' title='bbox 183 2698 310 2729; x_wconf 80' lang='lat' dir='ltr'><strong>sacer</strong></span> <span class='ocrx_word' id='word_1_229' title='bbox 334 2682 578 2748; x_wconf 78' lang='lat' dir='ltr'><strong>dupliciter</strong></span> <span class='ocrx_word' id='word_1_230' title='bbox 596 2704 614 2733; x_wconf 91' lang='lat'><strong>.·</strong></span> <span class='ocrx_word' id='word_1_231' title='bbox 651 2702 741 2734; x_wconf 80' lang='lat' dir='ltr'><strong>non</strong></span> <span class='ocrx_word' id='word_1_232' title='bbox 766 2686 898 2733; x_wconf 86' lang='lat' dir='ltr'><strong>modo</strong></span> <span class='ocrx_word' id='word_1_233' title='bbox 931 2687 1176 2733; x_wconf 79' lang='lat' dir='ltr'><strong>secundum</strong></span> <span class='ocrx_word' id='word_1_234' title='bbox 1200 2704 1262 2743; x_wconf 79' lang='lat' dir='ltr'><strong>se,</strong></span> <span class='ocrx_word' id='word_1_235' title='bbox 1289 2694 1332 2734; x_wconf 74' lang='lat' dir='ltr'><strong>et</strong></span> <span class='ocrx_word' id='word_1_236' title='bbox 1368 2687 1432 2735; x_wconf 81' lang='lat' dir='ltr'><strong>sic</strong></span> <span class='ocrx_word' id='word_1_237' title='bbox 1455 2685 1594 2751; x_wconf 82' lang='lat' dir='ltr'><strong>quili-</strong></span> 
     </span>
     <span class='ocr_line' id='line_1_38' title="bbox 184 2748 1604 2808; baseline 0.002 -14"><span class='ocrx_word' id='word_1_238' title='bbox 184 2748 255 2795; x_wconf 77' lang='lat' dir='ltr'><strong>bet</strong></span> <span class='ocrx_word' id='word_1_239' title='bbox 276 2749 419 2808; x_wconf 80' lang='lat' dir='ltr'><strong>¹Ordo</strong></span> <span class='ocrx_word' id='word_1_240' title='bbox 453 2759 517 2799; x_wconf 75' lang='lat' dir='ltr'><strong>est</strong></span> <span class='ocrx_word' id='word_1_241' title='bbox 553 2751 830 2803; x_wconf 84' lang='lat' dir='ltr'><strong>sacer...alio</strong></span> <span class='ocrx_word' id='word_1_242' title='bbox 865 2754 996 2801; x_wconf 84' lang='lat' dir='ltr'><strong>modo</strong></span> <span class='ocrx_word' id='word_1_243' title='bbox 1030 2754 1214 2802; x_wconf 80' lang='lat' dir='ltr'><strong>ratione</strong></span> <span class='ocrx_word' id='word_1_244' title='bbox 1233 2755 1439 2802; x_wconf 79' lang='lat' dir='ltr'><strong>materioe</strong></span> <span class='ocrx_word' id='word_1_245' title='bbox 1474 2754 1604 2802; x_wconf 83' lang='lat' dir='ltr'><strong>circa..</strong></span> 
     </span>
     <span class='ocr_line' id='line_1_39' title="bbox 177 2815 1596 2884; baseline 0.003 -23"><span class='ocrx_word' id='word_1_246' title='bbox 177 2817 320 2879; x_wconf 81' lang='lat' dir='ltr'><strong>&#39;quam</strong></span> <span class='ocrx_word' id='word_1_247' title='bbox 345 2815 475 2865; x_wconf 80' lang='lat' dir='ltr'><strong>habet</strong></span> <span class='ocrx_word' id='word_1_248' title='bbox 500 2818 695 2884; x_wconf 82' lang='lat' dir='ltr'><strong>aliquem</strong></span> <span class='ocrx_word' id='word_1_249' title='bbox 719 2828 868 2874; x_wconf 75' lang='lat' dir='ltr'><strong>aetum</strong></span> <span class='ocrx_word' id='word_1_250' title='bbox 886 2841 906 2877; x_wconf 89' lang='lat'><strong>‚·</strong></span> <span class='ocrx_word' id='word_1_251' title='bbox 946 2828 989 2868; x_wconf 81' lang='lat' dir='ltr'><strong>et</strong></span> <span class='ocrx_word' id='word_1_252' title='bbox 1023 2821 1088 2869; x_wconf 79' lang='lat' dir='ltr'><strong>sic</strong></span> <span class='ocrx_word' id='word_1_253' title='bbox 1116 2823 1242 2870; x_wconf 89' lang='lat' dir='ltr'><strong>Ordo</strong></span> <span class='ocrx_word' id='word_1_254' title='bbox 1273 2839 1402 2871; x_wconf 84' lang='lat' dir='ltr'><strong>sacer</strong></span> <span class='ocrx_word' id='word_1_255' title='bbox 1425 2820 1596 2881; x_wconf 75' lang='lat' dir='ltr'><strong>dicitur</strong></span> 
     </span>
     <span class='ocr_line' id='line_1_40' title="bbox 187 2882 1596 2955; baseline 0.003 -26"><span class='ocrx_word' id='word_1_256' title='bbox 187 2883 266 2947; x_wconf 81' lang='lat' dir='ltr'><strong>qui</strong></span> <span class='ocrx_word' id='word_1_257' title='bbox 288 2882 421 2931; x_wconf 78' lang='lat' dir='ltr'><strong>habet</strong></span> <span class='ocrx_word' id='word_1_258' title='bbox 443 2884 638 2950; x_wconf 81' lang='lat' dir='ltr'><strong>aliquem</strong></span> <span class='ocrx_word' id='word_1_259' title='bbox 663 2896 815 2936; x_wconf 80' lang='lat' dir='ltr'><strong>actum</strong></span> <span class='ocrx_word' id='word_1_260' title='bbox 839 2888 958 2936; x_wconf 75' lang='lat' dir='ltr'><strong>circa</strong></span> <span class='ocrx_word' id='word_1_261' title='bbox 987 2906 1082 2936; x_wconf 86' lang='lat' dir='ltr'><strong>rem</strong></span> <span class='ocrx_word' id='word_1_262' title='bbox 1118 2889 1323 2955; x_wconf 80' lang='lat' dir='ltr'><strong>aliquam</strong></span> <span class='ocrx_word' id='word_1_263' title='bbox 1359 2904 1596 2938; x_wconf 73' lang='lat' dir='ltr'><strong>consecra-</strong></span> 
     </span>
     <span class='ocr_line' id='line_1_41' title="bbox 187 2952 1598 3009; baseline 0.002 -9"><span class='ocrx_word' id='word_1_264' title='bbox 187 2960 297 3000; x_wconf 83' lang='lat' dir='ltr'><strong>tam.</strong></span> <span class='ocrx_word' id='word_1_265' title='bbox 371 2952 445 3000; x_wconf 77' lang='lat' dir='ltr'><strong>Sic</strong></span> <span class='ocrx_word' id='word_1_266' title='bbox 485 2961 589 3003; x_wconf 79' lang='lat' dir='ltr'><strong>sunt</strong></span> <span class='ocrx_word' id='word_1_267' title='bbox 637 2962 731 3004; x_wconf 76' lang='lat' dir='ltr'><strong>tres</strong></span> <span class='ocrx_word' id='word_1_268' title='bbox 774 2963 954 3004; x_wconf 79' lang='lat' dir='ltr'><strong>tantum</strong></span> <span class='ocrx_word' id='word_1_269' title='bbox 1005 2957 1202 3007; x_wconf 80' lang='lat' dir='ltr'><strong>Ordines</strong></span> <span class='ocrx_word' id='word_1_270' title='bbox 1250 2957 1390 3009; x_wconf 78' lang='lat' dir='ltr'><strong>sacri,</strong></span> <span class='ocrx_word' id='word_1_271' title='bbox 1427 2954 1598 3003; x_wconf 77' lang='lat' dir='ltr'><strong>scilicet</strong></span> 
     </span>
    </p>
   </div>
   <div class='ocr_carea' id='block_1_3' title="bbox 825 3022 1601 3071">
    <p class='ocr_par' dir='ltr' id='par_1_9' title="bbox 825 3022 1601 3071">
     <span class='ocr_line' id='line_1_42' title="bbox 825 3022 1601 3071; baseline 0 -1"><span class='ocrx_word' id='word_1_272' title='bbox 825 3023 861 3071; x_wconf 84' lang='lat' dir='ltr'>C</span> <span class='ocrx_word' id='word_1_273' title='bbox 892 3024 920 3070; x_wconf 82' lang='lat'><strong>3</strong></span> <span class='ocrx_word' id='word_1_274' title='bbox 1372 3022 1601 3071; x_wconf 76' lang='lat' dir='ltr'><strong>Sacerdos</strong></span> 
     </span>
    </p>
   </div>
  </div>
 </body>
</html>
