1852 3250
295 150 368 230 i4
801 179 1227 233 TRACTATUS

300 323 516 386 czy'zcsqzcc
539 323 691 367 eorum
714 321 907 384 propria
935 319 1205 377 ministeria,
1235 320 1513 371 Suhdiaconi
1532 321 1713 379 scilicet,

301 386 504 452 Acolytz‘,
541 386 811 444 Exorcistoe,
850 388 1062 437 Leo-loris
1086 395 1129 436 et
1158 389 1354 437 Ostiarz'i
1377 389 1424 437 in
1453 407 1537 439 usu
1551 393 1715 456 fuisse

295 463 648 520 cognoscuntur.

369 522 649 570 Notandum
688 531 761 571 est
787 533 965 581 tamen,
1005 522 1277 571 Concilium
1303 524 1498 589 quidem
1523 534 1711 603 septem

297 591 509 639 Ordines
548 607 946 647 commemorare,
985 608 1078 638 non
1122 590 1346 641 definisse
1370 610 1485 642 vero
1526 594 1710 643 ausint

294 659 535 707 duntaxat
560 675 760 706 numero
785 670 989 722 septem,
1017 676 1109 707 nec
1132 661 1295 723 plures
1321 675 1419 710 nec
1436 662 1708 726 pauciores,

293 744 355 775 ne
381 726 608 775 videlicet
651 726 902 775 damnaret
939 727 1138 775 Graecos
1165 727 1245 791 qui
1272 739 1456 777 tantum
1478 741 1705 794 quatuor,

288 797 365 845 vel
402 795 636 862 quosdam
679 794 1001 843 Scholasticos
1024 795 1119 859 -qui
1145 796 1306 859 plures
1326 792 1486 861 vquam
1512 809 1698 862 septem

293 864 505 913 Ordines
546 862 824 911 admittunt.
898 863 1043 912 Unde
1069 863 1116 911 id
1146 881 1291 911 unum
1318 866 1379 912 ad
1409 865 1571 914 Fidem
1598 866 1707 930 per-

289 932 411 981 tinet
438 932 569 997 quod
594 947 701 980 can.
727 933 773 978 2.
809 930 1060 978 definitum
1086 941 1175 989 est,
1210 948 1387 997 nempe
1423 943 1597 1002 praeter
1632 950 1706 982 sa-

289 1000 559 1050 cerdotium
590 1000 709 1048 alios
735 1015 841 1048 esse
865 1000 912 1046 in
940 999 1165 1048 Ecclesia
1192 1000 1400 1050 Ordines
1426 1011 1475 1051 et
1501 1006 1704 1064 majores

286 1078 338 1118 et
367 1084 590 1118 mulos-es

710 1272 961 1323 Solvuntur
998 1274 1295 1339 objectiones.

353 1409 596 1477 obl-1⁰⁸*
647 1409 815 1456 Plures
841 1424 903 1457 ex
940 1424 1085 1473 supra
1120 1409 1326 1458 laudatis
1369 1409 1693 1468 Auctoribus,

281 1477 534 1528 Cornelius
587 1477 835 1535 Pontifex,
895 1477 1104 1541 Gregor.
1188 1477 1418 1542 Magnus,
1477 1478 1690 1526 Isidorus

280 1544 601 1609 Hispalensis,
642 1543 882 1592 Alcuinus
907 1548 946 1591 ἃ
972 1545 1070 1604 alii,
1106 1553 1294 1608 septem
1332 1545 1573 1608 praedictis
1600 1548 1692 1594 Orn

276 1614 468 1662 dinibus
496 1613 840 1676 Episcopatum
866 1612 1067 1659 addunt.
1139 1613 1271 1677 Ergo
1306 1629 1401 1660 non
1437 1621 1548 1661 sunt
1585 1624 1688 1662 tan-

275 1693 378 1730 tum
403 1694 591 1745 septem
618 1679 826 1728 Ordines
846 1679 1181 1728 ecclesiastici.

342 1749 406 1799 R.
448 1755 520 1797 10·
554 1765 614 1797 eo
637 1748 731 1795 loci
757 1764 785 1796 a
809 1748 946 1795 nobis
970 1747 1125 1796 refelli
1151 1747 1442 1806 Haereticos3
1478 1750 1557 1813 qui
1597 1767 1683 1798 nu-

232 1860 236 1873 l
274 1834 460 1866 merum
505 1816 742 1866 Ordinum
786 1816 1023 1873 minuunt,
1061 1827 1153 1864 nec
1199 1818 1522 1880 septenarium
1573 1835 1678 1866 esse

273 1888 459 1934 volunt.
533 1884 680 1940 Quod
720 1883 759 1931 si
798 1895 911 1931 octo
947 1900 1056 1931 cum
1094 1884 1378 1948 quibusdam
1420 1886 1682 1948 Theologis

272 1956 349 2002 vel
376 1953 647 2003 Canonistis
673 1969 778 2001 esse
803 1952 937 2008 velis,
965 1953 1116 2000 multo
1139 1952 1312 2016 potiori
1342 1957 1453 2013 jure
1491 1964 1678 2018 septem

270 2032 431 2083 erunt,
467 2038 525 2070 ac
549 2020 751 2085 proinde
777 2036 922 2067 causa
947 2021 1126 2067 cadunt
1157 2021 1405 2069 Haeretici.

261 2096 264 2100 ’
340 2088 402 2139 R.
442 2092 523 2137 20·
559 2089 796 2152 triplicem
842 2103 946 2134 esse
995 2088 1357 2151 Theologorum
1406 2088 1679 2153 opinionem

265 2159 397 2207 circa
421 2168 706 2234 p1··aesentem
733 2155 1063 2220 quaestionem.
1111 2159 1150 2202 l.
1187 2173 1353 2203 eorum
1391 2167 1463 2204 est
1488 2158 1568 2220 qui
1595 2173 1676 2203 vo-

267 2228 374 2275 lunt
410 2226 741 2290 episcopttum
783 2239 878 2270 non
920 2240 1025 2270 esse
1062 2223 1295 2270 Ordinem
1334 2223 1610 2276 distinctum
1650 2240 1677 2271 a

265 2296 638 2359 praesbyteratu,
675 2292 761 2340 sed
811 2308 988 2338 meram
1031 2291 1286 2339 sacerdotii
1326 2290 1674 2347 extensionem,

265 2364 391 2412 adeo
419 2373 470 2410 ut
496 2372 699 2425 uterque
725 2360 804 2407 ille
829 2359 1004 2422 gindus
1030 2369 1269 2421 potestate
1297 2359 1489 2422 quidem
1517 2358 1673 2405 diffen-

264 2443 332 2487 at,
359 2431 445 2479 sed
469 2447 614 2478 unum
642 2443 800 2476 tamen
823 2426 1055 2475 Ordinem
1082 2425 1344 2473 contineat.
1383 2426 1560 2473 Patet
1548 2443 1593 2471 ln
1616 2442 1675 2473 ea

262 2499 505 2547 sententia
528 2507 714 2560 septem
741 2511 845 2543 esse
871 2505 1056 2542 tantum
1083 2493 1309 2542 Ordines.
1366 2494 1406 2540 Ii
1434 2494 1671 2556 Theologi

264 2566 487 2614 laudatos
522 2566 568 2612 in
611 2564 892 2626 objectione*
924 2563 1109 2618 PatreS,
1163 2578 1257 2608 non
1301 2562 1362 2608 (le
1408 2561 1671 2609 Ordinibus

263 2634 482 2689 diversis,
518 2634 604 2680 sed
629 2629 690 2680 de
715 2630 854 2679 variis
883 2630 1119 2678 Ecclesiae
1156 2628 1487 2676 Ministrorum
1513 2630 1674 2692 gradi-

263 2705 352 2751 bus
378 2701 658 2765 explicant;
692 2704 731 2746 Sc
760 2698 955 2762 quidem
993 2713 1051 2744 eo
1087 2697 1387 2744 verisimilius
1413 2697 1540 2761 qnod
1569 2697 1673 2761 qui-

260 2772 370 2819 dam
396 2767 521 2816 inter
545 2769 650 2815 illos
676 2767 736 2814 de
772 2765 1001 2842 gradibus
1037 2781 1266 2827 expresse
1309 2765 1431 2826 loqu
1425 2775 1578 2812 tntui
1620 2768 1664 2812 ⁶2.

259 2838 430 2903 opinio
435 2847 619 2884 eorum
662 2846 734 2881 est
771 2833 850 2897 qui
889 2833 1194 2895 episc-opttus
1233 2832 1465 2880 Ordinem
1505 2831 1670 2879 distin-

255 2916 415 2970 guunt
440 2921 469 2952 a
491 2903 729 2951 sacerdot
720 2902 796 2958 ili,
835 2906 871 2948 ἃ
913 2911 1025 2947 octo
1052 2899 1261 2947 Ordines
1301 2917 1410 2948 cum
1439 2898 1666 2947 Doctori

261 2975 349 3022 bus
374 2971 617 3022 canonicis
642 2969 896 3018 admitteie
924 2984 1018 3015 non
1043 2967 1277 3016 dubitant.
1319 2965 1666 3080 3.quae(1110bis

1475 3050 1518 3080 vi
1558 3043 1664 3080 etur
