1846 3250
241 201 345 256 490
714 202 718 206 ’
752 200 1187 256 TRACTATUS
1282 208 1286 211 ’
1307 205 1313 212 ’

241 349 440 389 cusatur
486 336 685 387 alterius
733 340 980 403 conjugis
1005 353 1261 394 consensu,
1287 349 1353 396 ,ut
1390 352 1582 394 constat
1606 343 1677 393 ex'

237 406 450 455 unanimi
490 406 687 454 Pati-um
725 417 775 454 et
813 404 1143 455 Coricilioruni
1203 408 1441 466 doctrina,
1493 427 1556 458 ex
1605 428 1670 460 ex

236 475 402 524 multis
465 474 731 537 Scripturae
789 474 1096 531 testimoniis,
1145 492 1255 539 quae
1314 476 1382 522 sic
1423 479 1673 540 generalia

237 553 350 590 sunt
387 552 439 589 ut
476 542 752 589 nullatenus
789 542 849 588 ad
888 543 1120 605 quosdam
1161 543 1409 590 adulteros
1442 546 1669 608 restringi

239 609 441 674 possint.
530 609 595 656 Et
621 625 735 655 vero
761 610 991 670 numquid
1033 610 1267 659 innocens
1301 610 1392 657 erit
1418 611 1498 674 qui
1531 612 1670 660 fami-

234 677 309 724 liae
334 694 434 726 suae
459 676 677 723 ordinem
721 677 978 731 subvertit,
1014 677 1210 740 propria
1245 677 1454 725 filiorum
1498 689 1548 726 et
1571 680 1668 727 hae-

234 745 404 792 redum
430 745 559 791 bona
581 742 628 789 in
655 753 917 791 extraneos
960 743 1228 807 profundit,
1266 744 1448 808 quique
1484 746 1532 792 in
1558 762 1670 810 pro·

233 813 391 876 prium
430 827 606 874 corpus
642 809 777 874 quod
816 810 1022 872 Spiritus
1076 811 1242 858 Sancti
1291 813 1526 875 templum
1575 824 1666 868 est,

235 881 338 927 sine
387 879 591 943 pudore,
628 879 733 924 sine
776 879 1062 935 reverentia,
1124 878 1341 942 iniquum
1389 896 1443 927 se
1489 881 1667 943 prodit.

234 947 371 994 Hinc
396 948 457 994 ab
483 947 655 994 Innoc.
701 945 797 992 XL·
837 945 912 992 cui
955 946 1209 1010 praeiverat
1250 946 1475 994 Facultas
1506 948 1665 996 Lova—

231 1014 427 1070 niensis,
466 1013 638 1060 merito
675 1012 948 1076 proscripta
990 1027 1065 1061 est
1112 1013 1204 1060 ista
1250 1014 1536 1062 scandalosa
1581 1031 1667 1063 cu-

222 1081 416 1143 jusdam
446 1080 652 1142 junioris
689 1080 995 1143 propositio:
1041 1079 1233 1142 Copula·
1262 1099 1361 1128 cum
1393 1085 1660 1146 conjugata,

228 1148 538 1197 consentiente
595 1148 779 1204 marito,
837 1165 927 1194 non
981 1154 1051 1195 est
1101 1146 1398 1204 adulterium,
1458 1150 1662 1215 adeoque

228 1217 396 1282 ⁸²fffi⁶it
419 1216 571 1264 dicere
593 1215 643 1262 in
673 1214 971 1276 Confi-ssione
995 1232 1042 1266 se
1065 1230 1162 1262 esse
1175 1215 1491 1278 fornicatum.

302 1285 499 1340 Quoeres
540 1284 621 1333 7⁰·
657 1297 718 1329 an
755 1298 843 1345 per
877 1282 1035 1328 solum
1085 1281 1378 1329 adulterium
1424 1291 1662 1345 peccetur

228 1361 400 1399 contra
447 1348 794 1413 obligationem
853 1348 1092 1396 reddendi
1151 1346 1370 1397 debitum
1419 1349 1509 1396 soli
1544 1365 1660 1398 con-

220 1418 368 1483 jugi?
673 1416 675 1419 ’
1653 1455 1655 1457 t
1704 1474 1708 1477 ι

297 1487 360 1534 R.
385 1482 602 1547 pluribus
627 1481 730 1531 aliis
755 1482 910 1529 modis
935 1481 1102 1531 violari
1138 1482 1265 1531 hanc
1289 1482 1661 1546 obligationem-⁴

230 1553 375 1600 Fides
395 1552 523 1599 enim
551 1547 819 1612 conjugalis
855 1549 1010 1613 exigit
1055 1560 1109 1599 ut
1145 1556 1325 1612 conjux
1366 1567 1491 1598 unus
1516 1552 1576 1599 ab
1601 1552 1659 1599 iis

227 1619 449 1666 omnibus
473 1618 714 1665 abstineat
739 1633 845 1677 quae
885 1617 1024 1665 alteri
1070 1618 1266 1681 conjugi
1290 1617 1520 1681 injuriam
1536 1618 1660 1666 infe·

226 1696 355 1742 runt,
394 1693 478 1731 aut
515 1699 624 1746 quae
668 1692 891 1744 pugnant
929 1700 1040 1730 cum
1089 1695 1339 1747 praecepto
1387 1685 1656 1747 Apostoli:

236 1756 300 1802 Ut
324 1752 441 1800 sciat
465 1749 780 1815 unusquisque
802 1765 883 1797 vas
911 1766 1040 1796 suum
1061 1751 1297 1815 possidere
1333 1750 1384 1797 in
1414 1752 1587 1800 honore
1611 1760 1659 1800 et

222 1818 602 1882 sanctificatione.
1458 1824 1461 1827 ’

292 1887 428 1934 Hinc
463 1883 635 1948 procul
672 1899 701 1930 a
736 1882 1026 1944 conjugibus
1078 1882 1234 1931 arceri
1291 1881 1473 1930 debent
1522 1900 1653 1946 quae-

225 1968 437 2017 cumque
462 1951 737 1999 castitatem
763 1949 1077 2004 labefactant,
1113 1960 1167 1998 ut
1208 1959 1368 1998 tactus
1401 1951 1651 2013 impudici,

222 2021 405 2078 oscula,
474 2018 770 2081 pollutiones
826 2017 1126 2074 voluntariae,
1188 2016 1432 2064 desideria
1495 2017 1653 2066 minus

221 2099 372 2146 casta,
408 2085 555 2134 nimia
590 2101 703 2132 cum
738 2083 937 2130 alterius
992 2099 1141 2131 sexus
1189 2084 1406 2146 personis
1451 2083 1655 2132 familia-

219 2158 350 2205 ritas.
444 2153 583 2201 Hinc
608 2166 782 2199 cavere
808 2150 989 2198 debent
1014 2150 1242 2198 mulieres
1267 2167 1328 2197 ne
1365 2160 1545 2214 praeter
1581 2151 1653 2198 in-

215 2223 485 2271 tentionem
539 2218 695 2266 mariti
756 2217 1124 2280 exquisitiorem
1186 2219 1403 2280 corporis
1463 2218 1650 2265 cultum

215 2281 485 2344 sectentur,
521 2301 583 2331 ne
609 2284 779 2331 oculos
803 2284 1075 2345 protervius
1100 2285 1149 2330 in
1172 2284 1300 2331 viros
1324 2284 1559 2346 defigant,
1586 2300 1648 2332 ne

216 2350 393 2405 fabulis
418 2351 798 2403 romanensibus,
834 2366 939 2411 quae
963 2349 1080 2396 nihil
1105 2350 1194 2397 nisi
1218 2350 1434 2413 impuros
1458 2366 1648 2400 amores

219 2424 421 2488 spirant,
458 2430 650 2482 tempus
675 2427 852 2474 terant,
889 2433 950 2463 ne.
975 2416 1106 2464 nuda
1130 2418 1348 2465 membra
1384 2427 1647 2475 ostentent,

218 2506 280 2539 ne
306 2487 572 2539 cantilenas
597 2484 867 2548 impudicas
892 2493 1071 2539 ament,
1109 2488 1198 2532 διο.
1269 2485 1363 2531 His
1389 2483 1571 2548 quippe
1596 2496 1647 2532 et

215 2556 450 2607 similibus
497 2550 643 2605 fidem
673 2549 987 2613 'conjugalem
1024 2566 1110 2597 suo
1147 2549 1294 2597 modo
1329 2551 1507 2598 offendi
1557 2552 1644 2599 do-

218 2634 333 2673 cent
360 2623 545 2676 Patres,
582 2619 847 2682 praesertim
887 2617 936 2665 S.
974 2617 1106 2681 Aug.
1144 2617 1300 2680 Epist.
1333 2620 1446 2664 221.
1471 2619 1645 2682 Cypri-

218 2705 338 2740 anus
365 2687 519 2751 Epist.
545 2687 573 2735 7
580 2688 624 2732 2.
650 2686 714 2734 ad
742 2684 1081 2750 Pomponium.
1168 2685 1396 2735 Ambros.
1422 2685 1482 2732 L.
1507 2687 1555 2733 b.
1580 2685 1643 2732 de

217 2760 371 2823 Fuga,
395 2765 445 2804 et
472 2752 651 2802 oaeteri.

1405 2994 1637 3086 Obligatio
