1846 3250
262 154 359 198 124
573 224 581 229 .
764 150 1191 205 TRACTATUS

257 287 383 340 Quia
407 284 468 333 ibi
496 284 652 349 agitur
677 285 737 333 de
765 287 1018 352 Episcopis
1043 289 1378 341 innocentibus
1398 299 1461 341 'ac
1483 294 1658 358 injuste

253 355 501 417 depositis.
570 354 729 401 Nemo
766 365 928 403 autem
955 357 1133 405 dixerit
1156 360 1307 407 virum
1343 362 1657 411 innocentum

251 440 337 486 per
361 423 585 483 injustam
609 422 957 486 depositionem
984 441 1012 472 a
1048 426 1332 476 charactere
1368 432 1655 481 sacerdotali

249 490 493 538 excidere.
531 494 593 537 3⁰·
630 491 887 538 Fulbertus
913 494 1221 542 Carnotensis
1248 496 1400 559 Epist.
1427 500 1504 545 25.
1530 500 1655 547 refe-

246 574 356 605 rens
382 575 490 622 quae
513 575 542 606 a
569 558 766 623 Synodo
791 559 1029 608 Toletana
1062 563 1124 609 ad
1150 563 1386 612 ordinum
1423 567 1656 615 restituti-

248 643 386 674 onem
429 627 711 690 praescripta
748 637 878 683 sunt,
914 645 1143 693 expresse
1169 642 1305 680 notat
1337 649 1424 698 per
1446 634 1550 683 haec
1576 653 1650 684 re-

241 695 566 743 ordinationes
591 711 686 742 non
711 694 831 742 fieri.

315 764 416 824 Obj.
452 766 515 809 2⁰·
552 767 599 811 9.
628 763 860 811 Ecclesiae
886 781 997 812 saec.
1033 782 1143 813 cum
1182 767 1322 816 Ebbo
1362 769 1647 819 Rhemensis

242 832 654 894 Arcbiepiscopus
679 848 766 895 per
791 831 1033 880 infandam
1064 834 1313 897 perfidiam
1341 836 1645 887 Ludovicum

238 900 380 947 Pium
405 900 753 963 Imperatorem
780 900 828 945 in
856 901 1068 949 Consilio
1096 904 1471 967 Compendiensi
1507 923 1536 954 e
1569 924 1623 955 so

233 969 300 1015 lio
325 969 647 1025 deturbasset,
686 978 739 1015 ut
762 968 912 1015 filium
949 974 1052 1030 ejus
1077 971 1362 1020 Lotha'rium
1391 974 1454 1020 ad
1484 975 1643 1038 Regni

232 1035 478 1099 fastigium
502 1037 799 1091 sublimaret,
838 1036 1061 1084 restituto
1087 1050 1256 1101 postea
1280 1041 1549 1099 Ludovico‚
1590 1043 1641 1089 in

233 1105 433 1169 Synodo
474 1105 605 1169 apud
639 1104 901 1153 Theodom‘s
936 1105 1108 1153 Villam
1134 1106 1181 1152 in
1218 1124 1403 1170 poenarn
1430 1109 1641 1157 criminis

230 1173 478 1236 depositus
503 1175 594 1227 est,
630 1189 689 1220 ac
713 1189 800 1236 per
824 1173 1006 1235 aliquot
1030 1189 1179 1222 annos
1204 1175 1252 1222 in
1280 1177 1418 1224 variis
1456 1194 1641 1225 monas-

228 1241 361 1290 teriis
387 1241 685 1288 errabundus
716 1240 846 1288 vixit.
917 1241 1119 1289 Mortuo
1160 1254 1321 1291 autem
1365 1244 1636 1303 Ludovico‚

226 1308 490 1357 Lotharius
530 1309 577 1355 in
638 1309 847 1355 Galliam
901 1308 1172 1366 involavit,‘
1204 1311 1398 1359 Ebboni
1458 1313 1635 1361 Sedem

228 1378 557 1425 Rhemensem
604 1377 815 1424 restituit
853 1393 996 1435 quam
1043 1394 1128 1440 per
1174 1395 1351 1426 annum
1400 1380 1634 1430 duntaxat

225 1446 398 1498 tenuit,
435 1462 547 1492 cum
571 1445 746 1492 iterum
780 1444 829 1490 in
853 1443 1019 1507 fugam
1045 1461 1097 1492 se
1123 1446 1238 1495 dare
1264 1458 1462 1496 coactus
1487 1446 1631 1497 esset.

221 1515 319 1560 Per
343 1530 451 1561 eum
477 1530 591 1561 vero
616 1529 792 1560 annum
820 1529 915 1576 quo
952 1514 1202 1562 restitutus
1234 1531 1261 1562 a
1283 1516 1516 1568 Lothario
1544 1518 1630 1566 Se-

221 1582 333 1628 dem
373 1581 699 1629 Rhemensem
747 1581 873 1636 rixit,
911 1581 1072 1642 plures
1117 1582 1333 1631 Clericos
1377 1585 1629 1643 ordinavit,

219 1649 282 1696 <le
325 1649 498 1713 quibus
542 1665 600 1696 eo
643 1649 773 1712 quod
813 1648 1046 1694 canonice
1082 1649 1330 1713 depositus
1373 1664 1500 1701 esset
1534 1670 1625 1717 nec

219 1718 453 1765 canonice
500 1716 768 1772 restitutus,
806 1721 979 1778 magna
1015 1715 1108 1763 fuit
1149 1718 1195 1763 in
1224 1719 1377 1766 Gallis
1413 1720 1628 1771 excitata

217 1786 484 1833 contentio.
564 1784 789 1847 Synodus
829 1794 993 1830 autem
1038 1784 1394 1833 Suessionensis
1439 1791 1468 1834 2
1508 1805 1625 1836 auc-

214 1866 321 1901 tore
348 1854 615 1901 Hincmaro
640 1853 720 1914 qui
745 1852 793 1897 in
827 1852 988 1899 locum
1029 1852 1244 1900 Ebbonis
1268 1854 1493 1903 suffectus
1519 1855 1623 1904 fue-

213 1934 306 1977 rat,
350 1921 677 1968 ordinationes
723 1937 783 1968 eo
830 1928 1049 1983 tempore
1092 1928 1311 1985 peractas
1358 1925 1522 1970 irritas
1567 1942 1625 1972 ac

215 2007 392 2038 saeuas
427 1989 707 2038 declaravit.
777 1988 928 2050 Ergo,
965 1993 1052 2035 διο.
1474 2018 1477 2021 κ

282 2061 344 2106 Η.
370 2060 478 2105 dist.
517 2058 682 2104 Iri-itas
707 2072 765 2103 ac
791 2071 966 2103 vacuas
1004 2057 1282 2113 declaravit,
1320 2059 1479 2120 quoad
1518 2077 1621 2107 sus-

210 2139 465 2189 ceptorum
493 2125 729 2172 Ordinum
757 2123 1118 2182 executionem,
1146 2130 1257 2186 jura
1283 2136 1331 2173 et
1354 2127 1625 2190 privilegia,

210 2205 263 2241 ut
280 2194 468 2258 *pluries
485 2197 585 2252 Jam
611 2192 795 2239 dictum
822 2201 911 2247 est,
949 2207 1074 2238 eone.
1099 2193 1258 2254 quoad
1286 2194 1618 2242 characterem

207 2268 257 2308 et
305 2261 636 2316 substantiam,
670 2276 774 2320 neq.
825 2259 1095 2305 Decretum
1145 2260 1348 2307 Concilii
1400 2262 1616 2309 Suessio-

205 2330 366 2380 nensis
409 2330 470 2376 de
510 2329 614 2376 sola
653 2336 989 2389 susceptorum
1031 2327 1091 2372 ab
1135 2327 1338 2375 Ebbone
1375 2328 1613 2376 Ordinum

207 2398 501 2446 executione
538 2396 719 2444 debere
760 2392 982 2457 intelligi,
1018 2394 1169 2441 multa
1202 2405 1314 2442 sunt
1361 2412 1467 2458 quae
1507 2412 1616 2445 sua-

202 2468 366 2514 deant.

239 2562 243 2566 -
277 2538 347 2580 10·
386 2533 529 2580 Enim
547 2532 715 2579 Patres
743 2528 1113 2579 Suessionenses
1139 2529 1392 2577 Ebbonem
1413 2546 1506 2577 non
1533 2549 1607 2580 ren

198 2602 509 2667 prehendunt
534 2599 665 2663 quod
689 2616 782 2645 non
810 2597 1049 2645 curaverit
1073 2597 1233 2644 denuo
1259 2597 1482 2661 ordinari,
1519 2600 1606 2647 sed
1662 2638 1665 2641 .

200 2670 331 2733 qaod
342 2677 455 2731 post
469 2684 606 2714 suam
628 2668 958 2729 depositionem
981 2664 1153 2727 absque
1176 2664 1280 2712 ulla
1303 2666 1512 2727 legitima
1535 2685 1606 2716 re·

195 2741 438 2788 stitutione
472 2735 837 2798 praesumpserit
858 2734 1097 2779 ordinare.
1168 2732 1318 2779 Porro
1343 2734 1380 2781 si
1408 2750 1493 2797 per
1519 2735 1605 2782 de-

194 2800 484 2871 positionem
522 2802 851 2849 characterem
888 2797 1163 2856 amississet,
1200 2816 1324 2850 nova
1359 2801 1603 2850 Ordinati-

197 2890 303 2927 one,
345 2887 439 2918 non
465 2885 599 2918 mera
621 2868 924 2916 restitutione
949 2866 1012 2915 ad
1036 2867 1246 2916 Ordines
1282 2869 1603 2920 conferendos

195 2939 494 3007 indiguisset.
1269 2984 1275 2989 ,
1355 2959 1358 2963 ’
1617 2983 1620 2986 ,

238 3025 241 3027 ’
302 3035 305 3038 ·
1263 3004 1344 3051 2⁰·
1380 3003 1598 3066 Carpunt
