1846 3250
672 160 767 209 DE
806 158 1097 233 ORDINE.
1518 158 1613 206 185

201 304 426 358 tanquam
465 296 789 344 necessarium
833 296 895 344 ad
932 311 1179 344 sacrorum
1213 292 1451 342 Ordinum
1494 291 1611 339 vali-

200 363 400 413 ditatem
424 365 499 412 vel
524 363 896 427 legitimitatem‚
932 383 1036 429 neg.
1109 364 1270 412 Semel
1307 361 1501 426 quidem
1525 370 1612 407 aut

198 431 373 479 iterum
407 431 458 478 in
498 431 804 480 instituendis
851 431 1089 479 Ecclesiae
1125 431 1365 479 Ministris
1409 429 1611 476 Plebem

196 499 483 554 audiverunt
509 501 751 564 Apostoli.
821 501 892 547 At
926 516 1037 547 cum
1080 500 1184 547 aliis
1208 498 1257 545 in
1293 498 1610 546 circumstan-

196 565 274 613 tiis
310 567 449 615 aliter
485 567 691 631 egerint,
728 568 777 616 id
825 577 1129 632 argumento,
1175 577 1248 615 est
1287 571 1402 628 jure
1446 564 1610 612 divino

194 633 470 685 nullatenus
527 637 849 686 necessariam
908 651 1015 684 esse
1075 634 1374 699 Populorum
1441 632 1611 681 electi·

195 715 352 751 onem.

569 842 594 905 ᾗ
634 845 682 890 6.
717 843 796 891 De
834 840 1239 907 Chorepiscopatu.

263 974 610 1041 Chorepiscopi
647 993 824 1026 nomen
863 994 927 1026 ex
966 976 1154 1025 duabus
1194 974 1396 1023 vocibus
1436 973 1608 1038 graecis

192 1042 443 1101 coalescit,
483 1041 713 1109 Episcopi
738 1044 928 1094 scilicet
951 1061 1038 1093 seu
1063 1045 1361 1110 Inspectoris,
1398 1053 1449 1091 ct
1488 1042 1610 1090 Cho-

191 1124 284 1167 ros,
310 1112 440 1175 quod
454 1123 594 1162 sonat
611 1114 814 1178 Pagum,
843 1114 966 1167 Rus,
993 1113 1258 1178 Oppidum.
1307 1111 1453 1161 Unde
1475 1110 1608 1160 Cho-

191 1177 488 1244 repiscopus,
523 1186 669 1243 juxta
693 1182 787 1229 vim
823 1181 1045 1245 nominis,
1083 1191 1157 1229 est
1183 1180 1410 1240 Minister
1470 1180 1517 1226 ui
1555 1178 1604 1224 in

189 1243 347 1304 Villis,
390 1248 551 1313 Pagis‚
577 1249 854 1314 Oppidulis,
875 1249 1106 1314 Episcopi
1128 1249 1260 1297 vices
1279 1196 1606 1312 gerit,(i1bique

190 1315 469 1364 muneribus
493 1316 780 1381 quibusdam
807 1318 1164 1382 episcopalibus
1179 1316 1417 1380 fungitur.

262 1382 457 1438 Quaeres
486 1388 545 1433 1⁰·
580 1386 886 1450 quandonam
910 1387 960 1434 in
976 1386 1201 1436 Ecclesia
1220 1384 1453 1450 coeperint
1474 1383 1605 1434 Cho-

192 1450 476 1515 repiscopi?
707 1498 710 1504 ,

256 1519 320 1567 R.
355 1520 508 1569 Juxta
554 1521 886 1587 Brotestantes
935 1523 1212 1587 plerosque,
1257 1532 1307 1570 et
1355 1538 1382 1569 e
1426 1519 1602 1568 nostris

188 1587 463 1646 nonnullos,
489 1590 538 1636 in
565 1588 791 1639 Ecclesia
831 1592 891 1637 ab
917 1588 1053 1638 initio
1079 1589 1314 1638 exstitere
1341 1587 1604 1651 Chorepis-

187 1654 318 1718 copi.
389 1658 461 1705 At
499 1658 645 1721 longe
669 1656 974 1706 verisimilius
997 1657 1189 1706 videtur
1213 1657 1261 1704 in
1288 1657 1418 1719 quod
1453 1656 1602 1719 vulgo

185 1732 406 1772 statuunt
445 1725 571 1773 inter
598 1725 877 1775 Catholicos
915 1726 1125 1783 Eruditi,
1162 1725 1387 1773 nimirum
1414 1724 1602 1774 Chore-

181 1789 426 1856 piscopos,
451 1793 648 1842 labente
674 1798 720 1843 3.
737 1795 935 1852 saeculo,
982 1810 1013 1842 a
1047 1794 1334 1859 quibusdam
1360 1792 1602 1857 provinci-

182 1858 338 1920 alibus
382 1861 614 1910 Conciliis
652 1861 802 1910 fuisse
842 1862 1105 1917 institutOS,
1143 1879 1252 1910 cum
1301 1878 1470 1909 eorum
1503 1876 1601 1908 nec

184 1928 366 1976 mentio
390 1929 474 1976 fiat
498 1930 547 1976 in
575 1929 836 1993 Scripturis
861 1946 954 1978 nec
991 1930 1039 1976 in
1067 1929 1296 1993 Epistolis
1325 1930 1372 1988 S.
1400 1929 1597 1991 Ignatii,

181 2009 277 2042 nec
300 1995 349 2042 in
371 1996 806 2046 Constitutionibus
829 1998 1124 2062 apostolicis,
1162 2014 1252 2045 nec
1275 1998 1322 2044 in
1351 1997 1597 2061 Operibus

186 2061 236 2108 S.
268 2063 517 2127 Cypriani,
554 2081 648 2113 nec
685 2065 735 2112 in
778 2066 887 2114 ullis
928 2066 1253 2115 monumentis
1286 2076 1400 2115 ante
1447 2065 1597 2113 finem

187 2133 233 2176 3.
257 2131 423 2179 saeculi
449 2142 499 2180 et
522 2131 710 2181 initium
747 2138 795 2181 4.
842 2151 937 2196 quo
962 2134 1223 2198 saepissime
1249 2144 1595 2183 memorantur.

181 2196 241 2244 In
267 2199 486 2248 orientali
512 2200 755 2257 Ecclesia,
791 2205 838 2249 4.
872 2201 1112 2251 Ecclesiae
1147 2203 1343 2261 saeculo,
1372 2207 1473 2265 Jam
1496 2201 1596 2252 fre-

181 2267 483 2343 quentissimi
508 2278 674 2325 erant;
719 2270 771 2317 in
802 2270 1098 2327 occidentali
1139 2280 1302 2320 autem
1343 2276 1390 2320 5.
1413 2270 1595 2319 saeculo

179 2349 387 2397 primurn
411 2348 742 2386 recensentur.

253 2403 440 2457 Quaeres
498 2407 546 2453 2.
597 2422 818 2471 quaenam
874 2405 1056 2457 fuerint
1115 2407 1592 2473 Chorepiscoporum

182 2469 376 2520 officia?

249 2539 331 2585 R..
364 2539 649 2605 multiplicia
692 2542 859 2592 fuisse.
934 2548 994 2592 1⁰·
1032 2544 1256 2593 Creditas
1297 2542 1388 2592 sibi
1446 2542 1593 2592 Ruris

180 2603 430 2654 Ecclesias
484 2609 847 2660 admistrabant.
939 2615 1007 2660 2⁰·
1057 2613 1269 2661 Easdem
1315 2611 1591 2660 visitabant.

182 2675 249 2718 3⁰·
287 2673 587 2737 singularem
643 2695 913 2743 pauperum
972 2695 1141 2729 curam
1192 2681 1445 2744 gerebant.
1520 2684 1591 2727 4⁰·

181 2740 608 2816 Peregrinamibus
632 2748 861 2810 pacificas
883 2749 1069 2797 litteras
1094 2749 1292 2797 dabant.
1361 2752 1429 2797 5⁰·
1470 2748 1594 2795 Sub-

178 2808 489 2859 d1aconatum
514 2823 564 2861 et
599 2815 717 2864 alios
741 2816 993 2866 inferiores
1019 2816 1229 2866 Ordines
1256 2816 1592 2867 conferebant.

179 2878 262 2923 An
303 2893 418 2926 vero
461 2882 777 2932 conferebant
810 2884 927 2933 illos
950 2884 1160 2940 Qrdines
1193 2888 1303 2947 jure
1330 2882 1590 2940 ordinario,

175 2960 274 2994 non
310 2948 534 2998 consulto
571 2950 704 3015 prius
729 2952 950 3010 Civitatis
976 2953 1234 3019 Episcop0‚
1272 2950 1591 3002 controverti-

1512 3029 1593 3066 tur
