1846 3250
574 161 672 212 DE
711 160 1239 237 MATmMomo.
1500 156 1608 207 au*

178 295 693 360 cognatiospiritualis
729 306 921 344 tantum
945 294 1264 351 contrahitur,
1302 307 1413 341 cum
1443 291 1601 342 infans

177 363 461 413 solemniter
484 365 533 411 in
555 363 781 416 Ecclesia
794 363 1070 427 suscipitur.
1146 361 1305 409 Extra
1326 360 1601 409 Ecclesiam

179 432 280 478 veri
305 447 402 479 non
443 441 555 479 sunt
591 431 801 494 patrini:
838 431 1040 479 Patrim'
1079 430 1231 492 inquit
1261 428 1459 477 Rituale
1509 428 1604 476 Pa-

176 497 394 555 fisiense,
420 514 511 547 non
534 499 813 548 adhibentur
829 499 871 546 si
895 499 1167 564 Baptismus
1185 501 1456 563 covgfi’ratur
1470 503 1608 545 extra

178 564 448 614 Ecclesiam.

254 633 452 691 Quaeres
476 639 542 682 5⁰·
577 650 638 682 an
662 631 1068 699 impedimentum
1094 602 1399 695 cognationis
1425 630 1603 679 Eccle-

179 697 262 747 siae
247 700 647 816 Rdispensatione
668 701 771 749 tolli
796 699 990 764 possit?

247 769 310 816 R.
344 769 634 831 affirmative,
671 768 784 833 quia
807 767 1209 832 impedimentum
1233 765 1354 812 illud
1369 764 1474 813 solo
1491 769 1623 828 jure.

180 836 517 884 ecclesiastico
560 836 881 884 constitutum
924 846 1045 892 est,
1066 843 1122 882 ut
1159 833 1209 880 in
1257 832 1485 881 confesso
1528 843 1601 882 est

180 902 311 964 apud
337 920 521 960 οΛηιηεε
591 903 810 952 Dubium
836 902 987 966 igitur
1014 918 1109 950 non
1137 911 1211 948 est
1238 899 1354 963 quin
1394 900 1444 947 S.
1472 900 1603 948 Pon-

181 970 304 1017 tifex
348 971 503 1032 possit
542 972 602 1018 ab
646 987 705 1019 eo
742 970 1040 1034 dispensare.
1110 968 1341 1022 Quinimo
1384 966 1605 1014 nonnulli

179 1047 292 1083 sunt
336 1037 571 1101 Episcopi
625 1038 724 1100 qui
755 1048 986 1100 respectu
1033 1051 1302 1100 pauperum
1351 1034 1448 1082 hoc
1487 1039 1602 1095 jure

177 1103 512 1167 perfruuntur.
588 1105 716 1152 Sed
704 1121 754 1151 in
779 1104 1035 1180 Oratione,
1069 1103 1115 1150 la
1145 1101 1415 1183 Sfepplique,
1454 1101 1607 1166 expli-

181 1170 389 1219 candum
419 1182 491 1220 est
517 1177 654 1235 cujus
679 1172 872 1235 generis
897 1169 958 1220 sit
990 1172 1221 1248 cognatio
1247 1175 1385 1231 cujus
1410 1169 1608 1233 dispen-

180 1239 303 1286 satio
344 1240 541 1302 petitur.
609 1241 818 1304 Insuper
853 1240 892 1287 si
928 1239 1034 1303 quis
1077 1237 1337 1287 carnaliter
1374 1237 1607 1300 cognovit

182 1322 440 1370 personam
490 1324 601 1355 cum
652 1324 746 1370 qua
793 1308 1087 1370 cognatione
1128 1304 1365 1369 spirituali
1405 1309 1607 1367 Junctus

183 1383 275 1430 est,
313 1374 495 1421 crimen
522 1376 799 1440 exprimere
826 1375 1007 1430 debet;
1042 1375 1082 1421 is
1108 1375 1236 1422 enim
1263 1383 1492 1420 constans
1528 1382 1604 1421 est

184 1440 343 1490 Curiae
370 1442 604 1492 Romanae
628 1443 811 1508 stylus.
849 1443 1004 1507 stylus
1040 1452 1204 1490 autem
1228 1439 1347 1490 facit
1369 1443 1468 1503 Jus.

520 1576 605 1627 ,De
649 1577 973 1643 impedimento
1027 1576 1266 1645 Criminis.

250 1712 482 1761 Nascitur
517 1711 920 1777 impedimentum
957 1710 1171 1761 criminis
1208 1710 1285 1759 vel
1321 1725 1386 1759 ex
1417 1709 1618 1759 adulte-2

179 1780 252 1829 rio
276 1783 398 1837 solo,
436 1781 527 1828 vel‘
557 1797 621 1828 ex
664 1780 941 1841 conjucidio
976 1780 1098 1836 solo,
1136 1779 1213 1827 vel
1239 1796 1304 1826 ex
1329 1777 1611 1841 conjucidio

181 1849 323 1896 simul
350 1859 401 1896 et
423 1847 679 1896 adulterio.
749 1848 808 1894 Id
847 1857 984 1911 patet
1016 1862 1082 1895 ex
1122 1846 1341 1910 pluribus
1367 1845 1610 1894 Ecclesiae

181 1916 432 1971 Decretis,
469 1915 736 1978 praesertim
762 1930 824 1962 ex
853 1931 961 1978 cap.
1001 1915 1055 1962 Si
1094 1914 1197 1979 quis
1238 1914 1435 1970 vivente,
1461 1928 1611 1961 causa

185 1988 266 2031 34.
292 2000 338 2045 q.
364 1986 425 2030 2.
449 1994 498 2030 et
540 1999 604 2029 ex
631 1982 793 2029 multis
819 1998 925 2045 cap.
960 1981 1088 2029 titul.
1134 1983 1215 2031 De
1248 1998 1302 2029 eo
1336 1981 1418 2046 qui
1457 1981 1610 2028 duxit.

183 2049 341 2113 quue
368 2049 821 2099 convenientissime
859 2058 1094 2098 statutum
1137 2059 1229 2106 est,
1266 2063 1329 2096 ne
1371 2053 1609 2111 conjuges

183 2133 270 2180 spe
314 2104 605 2176 matrimonii
649 2134 761 2165 cum
805 2117 1127 2180 complicibus
1164 2115 1383 2171 ineundi,
1419 2116 1478 2164 ad
1517 2115 1612 2164 cri-

182 2185 311 2232 mina
335 2170 560 2232 adulterii
599 2195 650 2233 et
671 2184 940 2262 conJucidii
966 2184 1297 2233 allicerentur.
1369 2182 1467 2231 Sed
1491 2198 1607 2231 cum

183 2253 276 2301 ista
302 2253 502 2300 crimina
542 2252 900 2300 matrimonium
939 2253 1244 2316 subsequens
1283 2268 1380 2299 non
1418 2250 1611 2300 irritent

180 2320 269 2368 nisi
312 2319 486 2368 certis
499 2319 548 2367 in
591 2317 987 2413 circumstantiis,
1023 2320 1227 2410 expedit
1265 2317 1610 2370 breviterillas

181 2386 462 2452 explicare.

912 2522 953 2571 Ι.

252 2655 549 2705 Adulterium
601 2656 745 2706 solum
803 2655 984 2705 dirimit
1031 2656 1391 2705 matrimonium
1440 2657 1607 2706 subse·

186 2740 370 2788 quens;
405 2724 492 2772 sed
517 2735 709 2788 oportet
742 2728 817 2772 10·
843 2735 896 2772 ut
920 2725 1214 2773 adulterium
1234 2726 1352 2774 illud
1373 2729 1608 2786 conjunc·

184 2803 287 2839 tum
337 2790 409 2838 sit>
442 2807 552 2839 cum
600 2802 769 2840 mutua
791 2792 1109 2855 promissione
1155 2792 1445 2841 matrimonii
1493 2802 1607 2853 post

186 2859 402 2922 conjugis
429 2859 612 2906 obitum
637 2859 853 2916 ineundi,
890 2859 992 2908 sive
1032 2871 1142 2924 post
1178 2861 1279 2909 sive
1305 2858 1608 2913 antescelus

185 2927 494 2976 commissum
520 2925 649 2975 data.
722 2927 937 2991 Oportet
965 2931 1045 2974 20·
1088 2938 1142 2976 ut
1178 2925 1433 2992 promissio
1457 2924 1605 2971 etiam

1343 3001 1604 3055 acceptata
