1852 3250
676 174 771 221 DE
812 174 1104 221 ORDINE.
1537 179 1597 224 31

238 311 300 358 R.
339 308 613 373 Eugenium
642 310 730 358 IV.
757 310 837 358 hic
867 309 1077 374 quidem
1123 310 1303 359 docere
1348 310 1585 359 Ordinem
1621 371 1623 373 Ι

170 393 275 424 esse
326 379 718 426 Sacramentum
780 368 909 441 quod
949 378 1145 455 quidem
1194 390 1246 426 ut
1288 373 1453 433 verum
1501 380 1580 437 sit,

165 446 339 492 sufficit.
387 463 529 510 unam
568 446 940 495 Ordinationem
991 464 1055 494 ex
1098 447 1153 495 iis
1202 464 1321 511 quas
1356 460 1581 496 recenset

165 529 270 560 esse
297 516 684 563 Sacramentum.
758 515 932 563 Refert
968 515 1182 579 quidem,
1220 526 1331 578 post
1366 517 1578 564 recensi-

164 590 262 628 tam
310 583 595 631 diaconatus
645 584 911 641 materiam,
962 583 1164 630 aliorum
1216 584 1457 631 Ordinum
1505 584 1579 631 in-

158 649 388 708 feriorum
415 651 682 699 materiam.
773 653 843 712 At
866 651 1049 709 referre
1074 652 1323 699 materiam
1351 669 1579 716 quorum-

153 720 273 777 ‚darn
299 719 538 777 Ordinum
581 729 688 782 post
722 720 973 768 materiam
1003 720 1202 768 alterius
1237 720 1435 767 Ordinis
1476 738 1576 768 non

159 793 237 835 est
260 803 477 836 asserere
502 787 608 834 illos
634 787 845 837 Ordines
871 788 1088 850 ejusdem
1131 805 1237 836 esse
1273 804 1384 836 cum
1410 789 1573 852 priore

159 856 426 921 dignitatis.

186 965 189 968 .
227 925 386 974 Dices.
423 927 493 973 2⁰·
531 924 609 971 Ex
653 924 909 973 Clemente
954 924 1037 972 lib.
1081 928 1126 972 8.
1165 925 1373 979 Constit'.
1412 942 1457 973 c.
1494 928 1577 985 21.

153 993 365 1057 legitur:
407 993 519 1041 Cum
571 992 907 1057 Subdiaconum
954 994 1162 1052 ordinas,
1208 994 1459 1059 Episcope,¹
1485 995 1574 1042 im'-

147 1078 299 1126 ponas
346 1061 390 1109 ei
423 1077 606 1115 manus,
670 1069 715 1109 et
772 1062 899 1110 dicas
948 1063 1154 1111 Domine
1323 1062 1474 1110 tribue
1526 1065 1572 1111 ei

158 1130 384 1193 Spiritum
436 1131 671 1186 Sanctum,
720 1138 770 1179 ut
816 1146 925 1179 'vasa
973 1130 1039 1177 ad
1081 1131 1438 1179 ministrandum
1484 1131 1574 1190 tibi

128 1200 275 1262 flecta
306 1198 445 1261 digne
468 1205 695 1246 attrectet.
766 1200 888 1253 Quae
925 1198 1082 1246 forma
1131 1194 1379 1263 profecto,
1409 1198 1570 1262 inqui-

154 1277 255 1322 unt,
292 1265 654 1314 sacramentalis
696 1276 786 1321 est,
826 1283 936 1314 cum
966 1266 1185 1314 Gratiam
1229 1266 1474 1330 significet
1511 1273 1571 1315 ac

154 1333 389 1381 conferat.
458 1334 665 1396 Insuper
702 1334 877 1389 eodem
913 1335 1058 1381 modo
1096 1334 1260 1383 Graeci
1300 1335 1570 1383 Subdiaco-

150 1417 238 1448 nos
263 1401 502 1460 ordinant,
538 1417 715 1464 nempe
753 1418 864 1449 cum
899 1399 1129 1455 manuum
1168 1402 1475 1467 impositione
1517 1414 1569 1451 et

149 1480 385 1517 oratione.

169 1588 172 1590 ,
217 1537 389 1598 Rani„
425 1539 465 1582 1.
504 1535 862 1600 supposititium
910 1554 1017 1585 esse
1062 1538 1199 1586 illum
1243 1538 1592 1594 Clementem.v

146 1606 352 1681 Insuper
397 1605 503 1652 haec
549 1606 697 1652 verba
752 1616 865 1653 sunt
922 1622 1055 1654 mera
1112 1607 1411 1669 deprecatio,
1469 1624 1564 1655 nec

146 1673 299 1736 magis
333 1673 537 1720 formam
574 1674 973 1721 sacramentalem
1010 1674 1245 1738 exhibent
1287 1691 1434 1739 quam
1461 1674 1565 1724 alia

145 1741 318 1789 similia
340 1740 558 1789 verbam
581 1742 757 1788 eodem
777 1741 859 1789 lib
884 1759 927 1790 c.
953 1745 1034 1790 21.
1061 1743 1131 1790 de
1159 1743 1475 1791 Diaconissis.

214 1811 306 1858 Ad.
333 1813 380 1857 2.
437 1809 628 1856 Falsum
656 1820 730 1857 est
753 1826 817 1857 ex
842 1810 1160 1872 Euchologiis
1187 1811 1406 1867 GraecOS,
1444 1828 1558 1859 cum

146 1893 314 1925 manus
342 1877 662 1925 Subdiaconis
685 1877 957 1941 imponunt,
982 1879 1201 1942 proferre
1231 1879 1385 1927 relata
1408 1881 1558 1928 verba

145 1963 249 2009 quae
276 1945 479 1993 formam
516 1947 916 1994 sacramentalem
941 1947 1074 2010 apud
1115 1963 1199 1994 eos
1238 1947 1556 2005 contineant;

144 2014 232 2060 sed
270 2014 422 2060 solum
463 2013 677 2060 recitant·
710 2013 976 2062 orationem
1016 2015 1220 2063 similem
1258 2015 1373 2064 huic
1410 2032 1556 2078 quam

142 2097 288 2144 super
325 2081 634 2128 Diaconissas
693 2082 805 2129 olim
863 2083 1177 2145 proferebant.
1220 2101 1331 2132 cum
1373 2085 1556 2147 pariter

141 2165 311 2196 manus
352 2149 421 2196 eis
444 2149 788 2212 imponebant:
825 2167 934 2214 quae
959 2152 1155 2215 quidem
1175 2154 1328 2200 >verba
1352 2153 1414 2199 ad
1440 2168 1556 2199 con-

139 2217 458 2265 secrationem
500 2217 774 2281 quamdam,
810 2235 908 2266 non
945 2220 1007 2268 ad
1031 2221 1400 2282 Sacramentum
1425 2221 1552 2268 suffi—

144 2301 256 2334 cere
280 2296 497 2349 possunt.

206 2354 350 2402 Dices
385 2357 461 2401 30·
499 2353 886 2402 Subdiaconatus
926 2355 1258 2404 characterem
1301 2356 1551 2419 imprimit,

142 2437 250 2469 cum
271 2422 330 2469 sit
348 2422 651 2479 initerabilis;
675 2439 792 2485 ergo
813 2423 1112 2471 Sacramenti
1132 2425 1366 2472 rationem
1388 2426 1552 2473 habet.

205 2492 268 2538 R.
305 2490 672 2537 Ordinationem
716 2491 1028 2547 Subdiaconi,
1085 2508 1183 2539 non
1233 2497 1344 2554 jure
1386 2493 1548 2541 divino

137 2569 336 2621 propter
361 2559 709 2635 characterem,
744 2559 831 2605 sed
847 2564 958 2620 jure
981 2569 1170 2607 tantum
1196 2560 1547 2618 ecclesiastico,

123 2634 187 2672 ‘et
211 2626 321 2687 quia
343 2638 418 2673 est
442 2626 743 2674 consecratio
769 2628 1008 2689 quaedam,
1051 2644 1157 2676 esse
1204 2628 1545 2707 initerabileni,

136 2693 378 2756 quomodo
404 2695 705 2741 consecratio
728 2711 949 2742 vasorum
976 2706 1024 2743 et
1044 2697 1336 2760 templorum
1362 2707 1435 2745 est
1460 2699 1547 2744 ini-

136 2759 366 2817 terabilis,
401 2762 610 2823 quandiu
633 2778 747 2810 vasa
773 2774 820 2810 et
846 2764 1027 2826 templa
1051 2764 1242 2828 integra
1265 2776 1478 2813 manent.

205 2827 384 2875 Dices
371 2834 450 2875 ΒΟ·
490 2830 868 2878 Subdiaconatui
894 2847 1086 2879 annexa
1127 2844 1201 2880 est
1226 2832 1544 2888 continentia,

135 2895 262 2943 sicut
286 2897 474 2962 praesb)
481 2908 653 2947 teratur
692 2910 742 2946 et
778 2899 1085 2959 diaconatui3
1129 2918 1247 2964 ergo
1273 2911 1346 2948 est
1375 2901 1545 2948 Sacr-zi

132 2974 368 3011 mentum.

840 3035 889 3102 D
917 3037 944 3079 3
1341 3034 1404 3081 R.
1433 3036 1548 3083 sub-
