1846 3250
286 172 386 220 402
667 174 693 208 .⁷
739 165 742 167 “
803 164 1292 227 TRACTAT'Us
1262 166 1294 181 *'

361 307 554 361 Quoeres
576 307 686 357 26⁰·
739 317 900 357 utrum
927 310 1078 372 possit
1107 311 1381 376 Episcopus
1417 314 1510 376 per
1530 328 1581 362 se
1606 329 1719 379 pro-

285 373 400 437 priis
424 373 730 439 Dioecesanis
756 376 1111 425 matrimonium
1137 379 1500 428 administrare.
1489 380 1519 411 9
1588 401 1591 402 ’

353 441 416 488 R.
444 434 498 488 ῑ(1
539 456 691 505 posse
713 434 1028 507 Episcopum,
1051 446 1229 505 Δειτίιειῐῐι
1251 448 1453 495 absente
1490 448 1718 498 Parocho
1763 489 1765 491 ,

288 516 391 554 aut:
420 508 662 558 renitente
700 510 821 573 ipso.
897 516 972 558 19·
1009 513 1136 566 Quia
1175 513 1447 577 Episcopus
1489 524 1563 562 est
1603 531 1715 578 pro-

268 575 420 636 prius
482 577 718 624 Sacerdos
770 593 856 625 sen
917 579 1195 627 Parochus
1226 587 1469 642 respectu
1514 597 1712 629 suorum

285 642 708 691 Dioece-sanomm.
779 647 859 691 2¹·
895 646 1026 699 Quia
1064 656 1244 710 potest,
1298 664 1360 694 ex
1406 647 1713 703 Tridentino,

289 709 609 758 Sacerdotem
646 711 950 760 committere
987 713 1049 760 ad
1082 714 1436 761 matrimonium
1465 709 1718 762 celebran-

269 776 419 824 adum.
491 780 642 827 N-emo
659 787 844 836 autem,
865 796 925 827 ex
951 781 1121 843 regula
1146 780 1278 841 Juris
1320 781 1389 827 in·
1395 785 1439 829 6
1454 781 1615 847 plusy
1609 783 1716 829 uri-s

265 844 333 891 ⁷in
359 843 501 892 alium
526 849 785 910 transferre
801 855 953 912 potest
978 866 1113 912 quam
1126 849 1235 914 ipse
1257 848 1408 896 habet.
1478 853 1557 897 99.
1583 801 1718 896 Talis

287 922 360 959 est
388 923 601 976 recepta
610 914 787 975 ubique
812 914 1082 977 disciplina.
1219 914 1508 963 'Doctrina
1525 925 1717 963 contra-

283 979 354 1026 ria
380 979 427 1025 in
455 980 674 1028 Comitiis
699 982 1010 1043 generalibus
1043 999 1120 1031 an.
1152 985 1295 1031 1655.
1329 999 1364 1031 a
1390 984 1537 1031 Clero
1564 976 1717 1031 Galli-

283 1062 407 1094 cano
432 1046 661 1095 damnata
686 1058 782 1096 est.
1158 1073 1162 1082 ·=
1402 1079 1404 1081 ·
1495 1074 1502 1081 ·

359 1115 550 1170 Quoeres
576 1116 689 1165 279·
725 1132 784 1163 an
823 1116 984 1180 possit
1001 1082 1293 1181 Episcopus,
1330 1116 1607 1165 inconsulto
1632 1126 1717 1165 aut

274 1181 433 1229 etiam
482 1183 724 1231 renitente
776 1184 1016 1239 Parocho,
1065 1185 1214 1232 alium
1255 1184 1594 1232 Sacerdotem
1654 1183 1718 1231 ati

284 1249 983 1298 matrimonii·celebrationem
1010 1251 1283 1314 deputare?
1402 1260 1405 1264 '

357 1318 420 1364 R.
459 1319 752 1382 qffirmative,
791 1318 860 1365 uti
886 1318 933 1364 in
959 1318 1129 1365 iisdem
1147 1318 1380 1367 ⁷Comitiis
1408 1317 1718 1381 generalibus

287 1383 542 1432 definitum
569 1395 674 1433 fest.
741 1385 802 1433 ld
845 1395 1026 1443 autem,
1066 1386 1283 1449 quamvis
1308 1387 1596 1451 plerumque
1620 1391 1717 1432 non

288 1452 523 1515 expediat
558 1462 759 1517 propter
799 1453 936 1518 mala¹
962 1470 1070 1517 quae
1102 1454 1218 1500 inde
1241 1464 1575 1511 nascerentur,
1613 1453 1720 1516 qui·

285 1520 489 1567 busdam
523 1529 708 1568 tamen>
749 1520 798 1567 in
836 1520 1211 1568 circumstantiis
1254 1526 1580 1585 opportunum
1624 1529 1715 1577 est,

285 1587 384 1633 imo
410 1597 460 1634 et
480 1588 830 1645 necessarium,
874 1604 919 1635 v.
946 1605 993 1651 g
1029 1604 1141 1637 cum
1160 1590 1420 1636 Pet-rochus
1446 1588 1549 1636 sine
1576 1603 1721 1635 causa

284 1655 446 1701 renuit
484 1655 839 1722 matrimonium
880 1656 1144 1723 celebrare,
1191 1666 1272 1703 aut
1309 1655 1589 1703 notabiliter
1625 1654 1718 1701 dir·-

284 1722 398 1779 fert,
436 1733 519 1770 aut
560 1722 681 1769 illud
721 1715 936 1789 postulat
978 1716 1368 1770 contrahenti-um
1405 1723 1602 1780 utilium,
1639 1721 1716 1768 vel

284 1789 460 1847 honos,
495 1790 575 1837 vel
598 1791 775 1837 bonum
802 1786 1050 1853 spirituale
1077 1800 1124 1837 et
1162 1790 1445 1866 temporale.
1513 1796 1514 1799 ’

282 1886 284 1888 ⁷
349 1855 576 1920 Quaeres}
578 1860 700 1905 289·
732 1867 849 1920 quot
876 1866 1025 1904 testes
1052 1857 1113 1904 ad
1141 1856 1494 1905 matrimonium
1523 1863 1717 1903 contra»

283 1925 497 1973 hendum
524 1925 860 1988 requirantur.
850 1924 873 1957 9

300 2023 303 2027 ,
356 1992 421 2039 R.
459 1993 835 2049 matrimonium,
872 1990 960 2038 nisi
1004 1991 1108 2039 sint
1139 2001 1237 2039 tres
1276 2002 1359 2040 aut
1403 1992 1572 2039 saltem
1616 1989 1718 2037 duo

286 2070 454 2117 testes,
493 2077 552 2108 ex
580 2059 802 2108 Concilio
828 2059 963 2106 Trid.
980 2064 1082 2121 jam
1107 2059 1323 2159 laudato,
1361 2057 1716 2139 clandestinum

286 2143 393 2175 esse
412 2144 469 2175 ac
493 2128 911 2175 nullum..
1653 2147 1655 2149 ’

356 2196 412 2240 In
442 2196 613 2243 Galliis
639 2212 754 2243 vero
780 2203 990 2257 quatuor
1027 2204 1204 2257 praeter
1241 2193 1524 2242 Parochum
1560 2200 1711 2240 testes

285 2261 615 2325 requiruntur,
643 2280 708 2309 ex
730 2262 917 2309 Edictis
950 2264 1273 2319 1579.1639⁷
1299 2263 1441 2311 1697.
1492 2261 1549 2307 In
1574 2259 1712 2323 praxi

284 2345 530 2391 nunquam
557 2331 617 2377 ab
643 2329 761 2376 istis
772 2328 959 2375 Edictis
984 2313 1316 2376 recedendum
1343 2338 1432 2374 est.
1487 2329 1563 2372 19·
1590 2326 1721 2379 Quia

290 2397 517 2459 Synodus
553 2396 689 2444 Ἱ“ι·ἰ(1.
713 2396 1029 2443 vehementer
1055 2393 1265 2458 optavit
1276 2392 1477 2442 reti-neri
1498 2392 1715 2440 laudabi-

285 2465 358 2511 les
387 2464 749 2512 provinciarum
776 2461 1191 2511 consuetudines?
1179 2477 1235 2507 m
1251 2461 1307 2508 iis
1334 2477 1446 2525 quae
1466 2460 1534 2507 ad
1554 2460 1716 2507 matrib

287 2531 503 2579 monium
553 2531 815 2595 pertinent.
903 2524 990 2576 29
1023 2529 1164 2585 Quia,
1202 2528 1240 2576 si
1283 2545 1407 2590 quae
1432 2528 1541 2576 lites
1584 2527 1717 2575 circa

289 2599 515 2661 conjugia
541 2615 704 2647 coram
742 2599 933 2647 duobus
969 2606 1050 2645 aut
1087 2597 1253 2644 tribus
1281 2595 1504 2643 testibus
1527 2595 1715 2642 tantum

290 2666 539 2713 celebrata
566 2675 892 2724 moverentur,
931 2664 1145 2713 timenda
1171 2674 1298 2711 esset
1324 2662 1587 2726 appellatio
1610 2671 1716 2708 tan-

291 2749 435 2796 quam
473 2735 643 2791 abusu,
682 2745 731 2781 et
756 2734 1027 2796 periculum
1065 2732 1191 2779 foret
1216 2746 1278 2790 ne
1315 2729 1477 2792 quoad
1514 2729 1717 2776 effectus

273 2800 458 2848 —civiles
505 2801 808 2847 irritarentur
855 2818 883 2849 a
925 2798 1083 2849 Curiis
1130 2798 1365 2861 supremis
1413 2800 1520 2857 quae
1558 2795 1715 2843 solent

277 2868 533 2944 'regiorum
562 2868 848 2915 Edictorum
876 2879 1092 2915 tenorem
1113 2865 1267 2932 sequi.
1339 2864 1524 2911 Eadem
1551 2873 1715 2924 tamen

290 2934 592 2985 matrimonia
633 2935 680 2982 in
720 2934 1009 2985 sactamenti
1051 2933 1236 2983 ratione
1267 2931 1515 2988 Qvaletent
1555 2939 1609 2976 ut
1649 2941 1714 2975 ex

1452 2994 1714 3045 communi

290 3082 318 3092 ε
