1846 3250
589 168 683 218 DE
721 136 1217 219 MATmMoNIo.
1515 167 1619 215 226.

188 307 267 365 sie,
305 304 384 369 qui
409 304 540 354 addit
568 302 761 373 Gratias
800 302 1086 353 Infidelibus
1128 301 1301 367 nuptis.
1327 310 1377 351 et
1401 317 1602 351 conver-

186 377 249 425 sis
280 372 575 424 necessarias
609 387 695 434 per
709 371 823 419 alia
861 373 1175 420 Sacramenta
1205 369 1489 434 frequenter.
1522 386 1599 418 re-
1643 414 1647 418 s

187 454 331 507 cepta
352 455 493 518 posse
518 439 784 501 impetrari.
841 439 1086 487 Sentimus
1112 455 1223 487 cum
1248 438 1350 486 istis
1375 438 1608 487 omnibus

182 512 233 558 in
257 509 395 574 praxi
420 508 676 564 tenendam
703 524 809 556 esse
834 507 962 554 illam
988 506 1308 569 disciplinam,
1345 507 1434 555 nisi
1458 507 1600 555 aliter

185 576 409 631 statuerit
429 576 718 639 Episcopus.

252 646 549 703 Quaeres70·
574 642 690 708 quid
731 640 1036 692 sentiendum
1076 641 1138 690 sit
1179 641 1242 691 de
1269 641 1594 692 MatrimoniIs

187 713 545 766 Haereticor-um
568 712 693 765 inter
728 728 809 760 se
797 711 820 738 '³

251 784 314 832 R.
342 782 412 829 1⁰·
449 779 764 834 Matrimonia
787 779 884 838 illa,
908 778 960 827 si
977 783 1122 841 juxta
1146 776 1324 842 patrias
1342 782 1598 845 justasque

183 850 347 914 Leges
392 849 514 901 inita
557 842 753 906 fuerint,
805 848 855 895 in
919 846 1106 896 ratione
1164 855 1450 896 contractus
1493 863 1611 896 esser

182 918 355 969 valida
424 917 484 971 Id
524 934 665 969 nemo
704 884 951 975 diffitetur,
987 913 1341 980 manifestoque
1378 915 1599 981 sequitur

185 1003 249 1037 ex
273 995 421 1037 antea
442 985 600 1037 dictis.

252 1056 331 1114 2?-
383 1054 477 1102 Illa
523 1051 837 1103 Matrimonia
885 1050 1189 1105 Sacramenti
1223 1050 1465 1109 rationem
1500 1066 1601 1109 non

183 1122 381 1174 habent.
417 1121 456 1171 si
504 1131 676 1186 agatur
720 1122 782 1170 de
833 1119 1091 1170 Haereticis
1139 1120 1221 1184 qui
1256 1136 1351 1168 nec
1397 1119 1599 1170 servatis

187 1189 424 1241 Ecclesiae
455 1189 672 1254 Legibus
698 1199 748 1238 et
790 1189 999 1247 Ritibus,
1037 1205 1130 1238 nec
1166 1188 1384 1236 adhibito
1428 1190 1603 1238 Sacer-

189 1258 317 1306 dotis
330 1257 612 1320 ministerio,
640 1258 966 1314 contrahunt;
1001 1257 1240 1322 siquidem
1267 1257 1492 1306 Ecclesia
1519 1262 1612 1319 jus*

189 1327 336 1375 habet
372 1326 618 1376 statuendi
643 1326 809 1389 Leges*
847 1327 978 1374 circa
1021 1327 1388 1374 Sacramentum
1428 1324 1603 1373 Matri-

188 1395 351 1452 monii,
389 1394 533 1442 etiam
558 1394 677 1441 illud
702 1394 977 1450 irritantes3
1015 1393 1169 1457 iisque
1195 1395 1388 1441 ratione,
1414 1393 1604 1456 Baptis-

185 1462 248 1510 mi
274 1462 594 1525 subjiciuntur
628 1460 820 1527 ipsimet
855 1461 1105 1510 Haeretici.
1177 1461 1391 1510 Aliunde
1423 1462 1600 1510 Sacer-

184 1532 270 1578 dos
306 1541 379 1579 est
421 1530 636 1581 minister
666 1530 985 1579 sacramenti
1027 1529 1344 1587 Matrimonii,
1383 1540 1436 1583 ut
1475 1530 1608 1578 infra

187 1599 420 1647 dicemus.

241 1670 337 1714 30·
376 1667 425 1715 Si
452 1676 624 1730 agatur
659 1665 720 1713 d'e
748 1664 1007 1714 Haereticis
1032 1664 1114 1729 qui
1151 1664 1246 1713 ritu
1285 1664 1523 1719 Ecclesiae
1548 1675 1597 1714 et

190 1735 466 1783 Ministerio
512 1733 804 1793 Sacerdotis,
859 1733 907 1780 in
947 1733 1045 1782 suis
1094 1734 1477 1790 Conventiculis,
1515 1744 1600 1782 aut

187 1804 346 1861 etiam,
384 1803 445 1850 ad
483 1800 678 1850 vitanda
702 1801 920 1865 quaedam
948 1802 1091 1859 mala,
1126 1801 1175 1848 in
1200 1802 1392 1865 templis
1419 1802 1601 1851 Catho-

185 1872 388 1919 licorum
435 1870 799 1919 Matrimonium
843 1870 1151 1925 contrahunt,
1187 1869 1384 1933 quidam
1431 1870 1600 1932 volunt

188 1955 270 1988 eos
308 1939 529 2002 recipere
572 1938 971 1993 Sacramentun1;
1019 1937 1166 2002 idque
1213 1953 1387 1984 verum¹
1419 1947 1492 1986 est
1539 1940 1598 1986 eo

186 2023 329 2054 sensu
371 2006 505 2070 quod.
542 2008 610 2052 eis
654 2004 923 2068 applicetur
964 2006 1153 2068 signum
1194 2015 1452 2052 externum
1502 2006 1599 2052 vim

186 2074 369 2122 habens
418 2073 635 2121 Gratiam
694 2074 1090 2122 sacramentalem
1139 2072 1435 2121 conferendi.
1477 2092 1480 2095 ·
1529 2075 1600 2121 At

188 2153 374 2190 certum
417 2152 491 2190 est
531 2157 614 2189 eos
648 2157 745 2188 non
781 2141 998 2205 recipere
1024 2140 1244 2189 Gratiam
1283 2141 1598 2215 Sacramento

187 2227 274 2258 seu
296 2210 434 2273 signo
470 2225 724 2258 annexam.

249 2281 335 2326 -·40
373 2277 518 2332 Quod
559 2277 596 2323 si
613 2276 912 2340 posteriores
948 2275 1015 2323 illi
1050 2276 1286 2325 Haeretici
1311 2277 1599 2341 poenitentia

187 2346 303 2394 tacti
345 2346 406 2393 ad
456 2345 727 2394 Ecclesiam
774 2344 1004 2393 redierint
1053 2345 1359 2402 catholicam,
1395 2358 1598 2395 censent

187 2414 404 2462 nonnulli
452 2422 569 2460 tunc
617 2430 698 2461 eos
742 2413 959 2461 Gratiam
1006 2413 1320 2461 Sacramento
1362 2430 1598 2462 annexam

187 2483 422 2546 recipere,
464 2481 928 2544 Matrimoniumque
970 2497 1143 2544 eorum
1186 2481 1248 2529 ad
1298 2483 1598 2531 sacramenti

189 2549 422 2597 rationem
443 2564 710 2613 assurgere,
729 2548 915 2597 etiamsi
938 2559 1081 2597 antea
1117 2562 1212 2596 non
1237 2549 1406 2598 fuisset
1428 2551 1598 2600 Sacra-

192 2628 437 2672 mentum;
489 2616 576 2665 sed
622 2618 703 2664 illa
747 2617 989 2665 sententia
1029 2618 1216 2665 incerta
1263 2617 1467 2677 videtur,
1505 2635 1597 2668 nec

193 2685 290 2732 ullo
315 2684 628 2733 fundamento
651 2685 776 2733 nixa.

202 2787 214 2793 -
257 2756 338 2800 50·
397 2752 475 2799 Ex
517 2754 755 2802 constanti
800 2752 1035 2802 Ecclesiae
1083 2752 1340 2818 disciplina
1374 2771 1470 2802 non
1507 2756 1597 2803 ite-

190 2831 358 2868 rantur
415 2820 461 2866 in
503 2821 644 2870 facie
695 2821 932 2877 Ecclesiae
986 2832 1035 2870 et
1088 2838 1199 2869 cum
1251 2823 1595 2872 benedictione

193 2886 398 2963 nuptiali
455 2888 765 2938 Matrimonia
807 2889 1163 2938 Haereticorum
1201 2890 1262 2939 ad
1311 2890 1479 2939 Fidem
1523 2906 1603 2938 ca-

193 2942 418 3006 tholicam
445 2955 838 3020 regredientium,
854 2957 893 3004 si
919 2972 1030 3007 ante
1054 2957 1427 3009 conversionem
1446 2958 1606 3006 valide

798 3024 846 3076 U
882 3028 910 3072 3
1248 3025 1605 3085 contraxerint;
