1846 3250
547 154 642 202 DE
680 153 1179 204 MATRIMONIO.
1489 157 1600 207 273

178 290 276 338 sius
300 299 350 337 et
374 287 575 337 aliorum
602 287 799 345 infamia
822 290 896 337 vel
936 289 1142 353 ingenus
1167 288 1411 337 damnum.
1481 286 1603 338 Nec

181 358 309 405 enim
335 355 681 418 Legislatores‚
715 371 826 403 cum
863 357 980 403 nihil
1005 356 1094 404 nisi
1135 356 1349 419 aequitati
1385 358 1595 405 naturali

182 433 563 471 consentaneum
588 423 861 480 intendant,
896 426 987 471 sub
1012 423 1158 472 tantis
1197 424 1334 472 malis
1376 425 1594 489 obligare

180 492 455 539 voluerunt.

249 557 329 604 Ex
355 573 414 604 eo
439 555 678 620 principio
702 557 921 621 sequitur
945 560 1024 604 10·
1051 557 1115 604 ad
1138 558 1485 607 revelationem
1510 559 1598 608 im·

184 624 578 689 pedimentorum
600 640 694 672 nec
718 625 876 672 teneri
915 640 1000 672 eos
1036 624 1118 688 qui
1161 625 1240 673 via
1265 626 1597 674 Confessionis

184 708 243 740 ea
267 690 523 748 noverint;.
555 707 650 739 nec
675 708 757 739 eos
783 708 811 739 a
835 692 1009 755 quibus
1045 691 1253 754 petitum
1277 693 1340 740 sit
1376 710 1434 741 ea
1458 694 1522 742 de
1546 710 1601 743 re

185 759 455 817 consilium,
495 768 549 806 ut
588 771 699 807 sunt
748 759 973 817 Parochi‚
1022 759 1286 817 Doctores,
1324 760 1603 818 Advocati;

181 827 280 874 imo
307 828 400 874 nec
425 826 608 874 amicos
650 826 730 888 qui
771 836 974 891 propter
1014 826 1237 890 peritiam
1276 837 1361 875 aut
1385 829 1601 891 pruden-

184 895 300 942 tiam
327 893 536 942 consu‘lti
580 904 728 949 sunt;
763 910 858 942 nec
900 909 984 942 eos
1025 893 1104 955 qui
1130 893 1318 941 ratione
1341 896 1605 957 professio-

180 961 254 1008 nis
279 977 380 1008 suae
420 976 523 1009 rem
549 960 842 1018 didicerunt,
881 971 934 1008 ut
959 960 1166 1018 Medici,
1205 961 1450 1025 Chirurgi,
1501 964 1608 1010 Obm

182 1027 441 1085 stetrices3
477 1027 517 1075 si
559 1027 687 1075 enim
724 1028 804 1076 isti
839 1044 1006 1076 omnes
1041 1027 1189 1075 fidem
1211 1028 1400 1087 fallant,
1436 1045 1606 1077 nemo-

184 1104 260 1143 est
284 1111 427 1156 quem
451 1094 600 1142 liceat
631 1095 681 1141 in
704 1096 851 1143 rebus
875 1095 1149 1143 difficilibus
1174 1096 1449 1154 consulere,
1487 1112 1606 1144 con-

185 1162 402 1225 siliisque
426 1161 580 1209 omnis
616 1163 933 1226 praecluditur
957 1162 1134 1210 aditus.
1204 1165 1282 1213 20.
1331 1164 1441 1212 Nec
1466 1164 1527 1212 ad
1552 1163 1606 1211 id

186 1240 417 1277 tenentur
439 1229 471 1275 ii
497 1230 582 1291 qui
604 1241 717 1277 sunt
754 1241 981 1278 auctores
1020 1230 1249 1289 criminis,
1288 1232 1417 1279 unde
1447 1231 1606 1279 nasci-

191 1308 271 1343 tur
308 1296 724 1359 impedimentum,
759 1315 804 1343 v.
843 1315 890 1360 g.
939 1313 1075 1344 soror
1113 1314 1222 1361 quae
1269 1315 1382 1346 cum
1428 1298 1606 1346 sororis

190 1364 371 1411 amasio
395 1378 497 1410 rem
523 1363 689 1410 babuit
712 1384 724 1419 ;
760 1365 874 1426 quia
911 1380 1055 1411 nemo
1080 1374 1275 1412 tenetur
1306 1365 1396 1412 sibi
1419 1365 1610 1413 infami-

190 1446 267 1477 am
291 1431 515 1486 inurere;
550 1446 643 1477 nee
679 1430 711 1476 ii
747 1432 829 1495 qui
872 1431 1083 1479 criminis
1123 1447 1262 1479 reum
1298 1433 1605 1493 adjuverunt,

188 1509 242 1544 ut
281 1497 479 1545 Ancilla
514 1513 626 1560 quae
649 1498 876 1545 Dominae
911 1514 1011 1545 suae
1052 1499 1101 1544 in
1139 1499 1439 1561 turpitudine
1475 1516 1607 1547 com-

179 1564 428 1612 mittenda
474 1573 748 1612 consortem
796 1574 881 1611 aut
933 1565 1220 1625 adjutricem
1273 1582 1326 1613 se
1362 1566 1608 1629 vpraebuit3

189 1648 283 1679 nec
323 1631 550 1679 Famulus
589 1641 673 1677 aut
711 1631 916 1678 Villicus
955 1631 1051 1687 cui,
1088 1631 1127 1679 si
1170 1633 1362 1679 Herum
1412 1635 1605 1696 prodat,

188 1715 317 1746 mors
351 1698 575 1745 imminet
606 1707 691 1745 aut
728 1714 875 1760 grave
913 1698 1303 1746 detrimentum«
1348 1700 1498 1748 Ratio
1533 1712 1609 1749 est

190 1766 302 1827 quia
340 1765 389 1811 in
430 1765 531 1814 istis
558 1764 749 1812 duobus
775 1765 955 1813 ultimis
979 1776 1066 1813 aut
1099 1766 1204 1813 aliis
1228 1766 1462 1815 similibus
1487 1769 1610 1816 casi-

190 1835 279 1880 bus
326 1831 607 1894 gravissima
648 1833 774 1879 mala
819 1849 883 1880 ex
926 1833 1224 1880 revelatione
1270 1845 1609 1896 sequerentur.

192 1901 436 1963 Caeterum
462 1898 578 1944 nibil
606 1899 874 1946 consultius
899 1915 1047 1961 agere
1085 1910 1286 1962 possunt
1322 1901 1413 1947 yiri
1437 1917 1609 1965 parum

193 1967 359 2014 edocti
393 1981 539 2028 quam
565 1965 928 2013 Confessarium
959 1966 1169 2013 aliumve
1205 1966 1360 2014 virum
1397 1969 1611 2032 pruden-

194 2044 292 2079 tem
318 2048 376 2080 ac
401 2048 562 2079 rerum
608 2033 807 2080 istarum
833 2032 1041 2093 peritum
1068 2034 1341 2081 consulere.

267 2100 455 2155 Quaeres
479 2101 561 2144 2⁰
595 2114 657 2146 an
695 2099 820 2148 ratio
843 2099 1068 2147 habenda
1090 2099 1150 2147 sit
1189 2101 1505 2150 revelationis
1526 2120 1611 2152 cu-

186 2166 378 2228 jusdam
406 2166 627 2221 hominis,
665 2167 746 2229 qui
787 2167 1189 2279 impedimentum
1225 2169 1370 2216 etiam
1413 2171 1610 2235 propria

194 2233 390 2280 infamia
414 2233 682 2280 revelavit?

263 2301 325 2348 R.
361 2300 621 2363 aliqualem
646 2299 922 2348 habendam
960 2317 1067 2349 esse
1108 2302 1346 2363 ejusmodi
1386 2306 1610 2352 revelati-

194 2368 297 2415 onis
322 2366 575 2422 rationem,
615 2377 666 2414 ut
691 2377 829 2415 notat
872 2369 1091 2416 Collator
1117 2370 1374 2433 Andegav.
1410 2388 1474 2419 ex
1501 2389 1610 2436 cap.

198 2436 416 2482 Praetera
464 2436 496 2480 2
542 2434 604 2481 de
654 2434 875 2497 Sponsal.
948 2436 1047 2482 Sed
1096 2451 1207 2483 cum
1257 2437 1609 2501 turpitudinem

199 2499 431 2561 revelanti
469 2501 662 2548 modica
702 2502 823 2549 fides
861 2500 922 2549 sit
970 2502 1261 2559 adhibenda,
1298 2521 1360 2552 ex
1402 2505 1611 2554 circum-

198 2566 383 2613 stantiis
408 2568 785 2629 expendendum
825 2579 899 2616 est
936 2584 997 2616 an
1035 2570 1227 2632 plenam
1252 2570 1400 2620 fidem
1425 2589 1612 2623 merea-

198 2645 277 2682 tur
300 2633 653 2682 illa-revelatio.

272 2700 515 2756 Qnoeresss
603 2718 665 2749 an
695 2703 912 2751 revelare
937 2712 1163 2751 teneatur
1187 2703 1268 2768 qui
1294 2705 1613 2799 impedimen-

203 2779 305 2815 tum
330 2767 578 2815 occultum
601 2769 732 2817 solus
756 2770 927 2817 novit?

270 2834 647 2897 Rqffirmative.
717 2837 950 2890 Quamvis
975 2837 1102 2886 enim
1141 2839 1278 2887 testis
1310 2856 1433 2887 unus
1464 2840 1610 2890 fidem

200 2916 297 2948 non
323 2899 485 2962 faciat,
522 2903 844 2952 necsufficiat
880 2905 943 2953 ad
973 2905 1234 2967 juridicam
1277 2907 1612 2970 impedimenti

1274 2974 1613 3037 probationem
