1846 3250
648 154 744 203 DE
784 152 1074 202 ORDINE.
1246 113 1247 116 ¹
1502 151 1565 214 41

150 290 291 347 tialis,
349 300 641 356 perpetuum
698 290 924 355 profecto
959 288 1203 338 silentium
1255 300 1354 333 non
1409 299 1575 332 serva·>

153 368 348 406 vissent.

223 426 323 489 obj.
361 429 425 474 2⁰·
481 426 706 475 Christus
728 427 854 475 Luc.
878 428 960 473 22.
994 443 1039 472 v.
1070 427 1148 477 17.
1189 422 1456 487 Apostolos
1484 432 1552 468 ore

95 499 98 502 ’
154 492 335 543 dinavit
363 495 654 544 Sacerdotes
679 512 766 560 per
790 493 1152 560 porrectionem
1179 490 1360 540 calicis.
1431 489 1572 537 Idem

149 562 299 609 refert
343 562 530 612 Concil.
557 564 691 611 Trid.
726 581 842 612 sess.
869 566 948 611 22.
988 579 1030 610 c.
1062 566 1104 610 l.
1175 560 1310 624 Ergo
1354 567 1404 607 et
1438 573 1570 605 nunc

152 631 436 680 sacerdotes
460 631 779 681 instituuntur
804 640 900 697 per
917 631 1349 679 instrumentorum
1375 642 1573 691 porrec-

155 711 355 747 tionem.
1008 707 1019 713 ‘

223 768 285 815 R.
317 770 376 815 1⁰·
396 784 446 815 n.
468 775 564 816 ant.
591 769 776 818 Falsam
798 778 872 816 est
892 767 1036 824 enim,
1063 775 1113 815 et
1132 781 1161 813 a
1175 765 1411 813 Veterum
1429 779 1575 811 sensu

152 836 381 895 alienum,
420 835 667 885 Christum
693 854 781 902 per
804 836 1165 901 porrectionem
1193 833 1358 881 calicis
1383 831 1576 879 institu·
1611 890 1616 896 ι

150 904 244 951 isse
273 904 581 954 Sacerdotes·
651 907 855 955 Constat
881 904 1008 953 enim
1037 921 1116 953 ex.
1138 918 1181 950 c.
1206 905 1288 950 22.
1327 901 1376 949 S.
1403 900 1575 957 Lucae,

156 972 403 1021 Christum
430 972 675 1031 ordinasse
695 974 979 1038 Apostolos,
1005 971 1233 1028 dicendo,
1257 970 1342 1018 hoc
1344 969 1505 1034 facite
1528 969 1579 1016 in

152 1057 302 1090 meam
324 1043 815 1091 commemorationem.
885 1043 1028 1090 Tunc
1063 1041 1192 1090 enim
1232 1039 1347 1103 ipsis
1373 1036 1582 1085 contulit

158 1121 208 1158 et
223 1121 515 1174 potestatem
542 1120 592 1157 et
616 1111 896 1169 mandatum
925 1107 1216 1160 conficiendi
1243 1107 1315 1155 sui
1343 1104 1579 1169 corporis,

156 1196 265 1241 quae
284 1176 508 1243 primaria
526 1188 599 1226 est
622 1179 884 1228 sacerdotii
906 1178 1109 1227 functio.
1182 1176 1277 1225 Sed
1306 1186 1424 1222 tunc
1450 1173 1581 1221 ordi-

158 1246 291 1295 navit
317 1247 583 1312 Apostolos
616 1247 718 1295 sine
752 1249 851 1297 ulla
886 1248 1318 1295 instrumentorum
1343 1242 1581 1308 porrecti-

162 1332 290 1372 one;
324 1315 457 1379 prius
481 1315 607 1362 enim
645 1317 760 1381 ipsis
797 1316 994 1380 quidem
1036 1314 1304 1363 tradiderat
1328 1328 1503 1376 panem
1530 1321 1582 1358 et

158 1383 341 1440 vinum,
379 1382 465 1429 sed
489 1382 537 1447 in
564 1384 967 1432 Gommunionem
993 1393 1199 1440 tantum,
1234 1397 1333 1428 non
1356 1381 1404 1426 in
1431 1379 1582 1426 colla-

159 1451 342 1499 tionem
366 1450 681 1501 sacerdotalis
708 1452 903 1501 Ordinis
928 1468 1071 1514 quem
1088 1449 1204 1516 ipsis
1229 1448 1366 1497 dedit
1389 1457 1580 1495 tantum

159 1518 568 1583 subsequentibus
603 1522 779 1574 verbis,
815 1520 1074 1585 hocfacite.
1625 1514 1627 1516 i

231 1588 436 1651 Insuper
462 1603 558 1634 una
583 1599 657 1637 est
681 1588 892 1637 omnium
917 1586 1160 1635 sententia
1186 1584 1451 1649 Apostolos
1476 1581 1582 1630 sine

164 1656 479 1704 Sacramento
516 1672 604 1703 seu
638 1657 740 1705 sine
777 1657 877 1704 ullo
929 1656 1069 1719 signo
1117 1652 1346 1703 exteriori
1388 1664 1436 1700 et
1479 1653 1585 1699 sola

165 1724 344 1773 Christi
381 1723 632 1773 voluntate
671 1726 820 1773 fuisse
867 1725 1112 1773 ordinatos
1161 1723 1493 1785 Praesbyteros
1532 1731 1584 1767 et

164 1793 453 1857 Episcopos.
523 1793 659 1858 Ergo
703 1793 924 1842 Christus
965 1810 1048 1841 eos
1096 1808 1184 1857 per
1220 1789 1583 1855 porrectionem

162 1860 589 1910 instrumentorum
616 1880 712 1910 non
738 1861 990 1909 ordinavit.

235 1930 336 1995 Oly.
364 1933 430 1977 30·
468 1930 720 1992 Eugenius
757 1930 846 1977 IV.
882 1931 930 1976 in
970 1926 1299 1977 Instructione
1342 1926 1585 1972 Armeno-

164 2013 288 2054 rum,
341 1999 643 2061 approbante
693 1998 912 2047 Concilio
970 1994 1269 2051 Florentino,
1330 2008 1584 2057 exponens

166 2082 275 2129 quae
316 2065 377 2112 sit
416 2081 533 2112 vera
557 2066 790 2115 Ecclesiae
820 2068 1054 2114 Romanae
1089 2064 1313 2113 doctrina
1338 2062 1469 2109 circa
1497 2061 1583 2109 Sa·
1653 2117 1661 2120 χ

160 2143 460 2181 eramentum
488 2134 701 2190 Ordinis,
742 2152 830 2199 pro
871 2134 998 2183 illius
1039 2131 1242 2181 materia
1280 2131 1433 2180 solam
1475 2146 1586 2193 por-

163 2201 432 2249 rectionem
479 2201 906 2264 instrumentorum
954 2201 1217 2266 assignavit
1263 2201 1336 2249 his
1389 2199 1582 2247 verbis:

168 2272 355 2318 Sextum
385 2272 731 2320 Sacramentum
773 2280 840 2320 est
879 2272 1086 2330 Ordinis,
1123 2274 1249 2335 cnjus
1286 2267 1583 2330 materiaxest

167 2337 287 2386 illud
332 2355 419 2402 per
470 2342 599 2405 cnjus
646 2341 944 2389 traditionem
989 2342 1227 2404 confertur
1278 2338 1421 2392 Ordo,
1465 2336 1584 2384 sicut

162 2406 523 2471 praesbyteratus
546 2408 754 2457 traditur
774 2426 859 2474 per
892 2408 1048 2457 calicis
1082 2424 1182 2457 cum
1205 2406 1321 2455 vino.
1336 2413 1379 2453 et
1406 2404 1594 2470 patena

167 2490 266 2521 cum
294 2490 420 2540 pane
454 2477 785 2538 porrectionem
804 2497 825 2534 ;
865 2478 1137 2525 diaconatus
1175 2491 1282 2523 vero
1316 2490 1406 2539 per
1445 2471 1584 2520 Libri

170 2540 529 2606 Evangeliorum
554 2544 801 2593 dationem.
872 2545 1024 2608 Ergo,
1060 2548 1150 2591 διο.

207 2619 208 2623 ’
237 2609 535 2674 Respondent
553 2612 763 2661 nonnulli
782 2613 1053 2661 Decretum
1071 2609 1192 2658 illud
1210 2607 1396 2659 Graecis
1413 2610 1586 2656 absen-

172 2674 300 2724 tibus
326 2693 430 2725 esse
454 2678 622 2739 latum,
658 2697 752 2728 nec
787 2680 991 2745 proinde
1026 2681 1208 2728 habere
1243 2677 1587 2726 auctoritatem

169 2743 318 2791 totius
360 2744 582 2805 Concilii,
618 2748 707 2796 sed
752 2749 899 2797 solius
942 2750 1104 2813 Papae.
1173 2747 1375 2810 Verum,
1414 2755 1468 2792 ut
1503 2745 1593 2791 ob-

169 2821 330 2858 servat
382 2815 645 2874 Areudius,
699 2816 783 2866 lib.
806 2821 852 2865 6.
890 2817 975 2879 de³
1003 2819 1318 2866 Sacramento
1368 2812 1583 2867 Ordinis,

168 2895 213 2924 c.
234 2881 280 2926 5.
313 2887 415 2927 tuta
440 2899 529 2930 non
553 2892 621 2932 est
642 2883 975 2951 illa-responso.
1046 2883 1277 2939 Quamvis
1297 2882 1421 2930 enim
1451 2895 1582 2942 quae‘

167 2946 279 2995 dam
304 2947 353 2994 in
381 2949 565 2998 Concil.
637 2952 917 3017 Florentino
940 2964 1141 3020 peracta
1164 2951 1275 3011 sint,
1322 2959 1582 3013 postquam

735 3038 738 3040 v
1423 3014 1584 3062 Graeci
