1846 3250
244 196 311 245 82
708 196 1133 249 TRACTATUS

311 330 378 380 R.
415 348 479 380 ex
502 331 815 380 communiori
852 349 915 382 ac
935 335 1244 398 probabiliori
1269 339 1509 388 sententia
1533 337 1656 388 eum·

242 400 303 448 ab
328 399 514 449 Ordine
536 416 624 464 per
646 401 818 449 saltum
838 413 1075 466 suscepto
1098 406 1462 480 suspensionem
1486 408 1647 456 incur-

240 483 367 525 rere,
390 483 486 515 non
509 478 694 517 tantum
718 468 948 527 ferendae,
972 472 1059 520 sed
1079 472 1221 520 etiam
1250 473 1358 521 latae
1380 477 1647 524 sententiae.

241 535 302 584 Id
325 552 422 613 non
463 536 680 585 obscuris
720 538 878 585 verbis
917 539 1098 587 docent
1125 542 1272 589 Alex.
1298 542 1366 588 ΙΙ.
1403 552 1452 589 et
1476 543 1647 592 Innoc.

239 604 339 652 111.
372 603 421 651 in
444 604 564 653 locis
588 620 703 652 mox
732 604 909 654 citatis·
980 607 1117 656 Idem
1142 608 1285 656 facile
1311 609 1554 673 colligitur
1572 627 1659 659 ex¹

238 670 342 719 istis
367 672 525 721 verbis
550 673 740 721 Concil.
764 673 900 721 Trid.
936 690 1042 738 cap.
1077 680 1151 723 14.
1181 676 1241 724 de
1263 677 1479 725 Reform
1523 678 1643 726 Cum

185 742 188 745 ’
229 742 464 803 promotis
489 757 583 803 per
616 741 805 798 saltum,
852 744 895 789 si
931 760 1026 789 non
1066 746 1454 801 minzstraverint‚
1498 746 1646 809 Epis
1656 758 1658 761 '
1711 746 1714 749 ’

236 824 383 871 copus
402 824 460 855 em
491 809 703 885 leqztiona
726 826 873 860 causa
894 812 1050 873 possit
1081 813 1368 875 dispensare.
1438 814 1516 860 Ex
1541 816 1648 877 qui-

235 876 327 924 bus
345 875 502 924 verbis
523 875 740 953 sequitur
764 878 835 924 1⁰·
860 894 972 926 eum
992 879 1076 940 qui
1100 878 1189 927 fuit
1207 896 1294 944 per
1318 881 1492 930 saltum
1517 882 1648 930 ordi-

232 953 392 1002 natus,
428 944 790 1008 suspensionem
828 947 1153 1002 contraxisse;
1206 947 1416 1012 alioquin
1446 946 1645 1012 dispen-

232 1010 422 1062 satione
445 1027 541 1060 non
566 1011 824 1090 indigeret.
866 1016 946 1060 20·
975 1015 1056 1063 Sic
1082 1014 1372 1064 Ordinatum
1413 1016 1648 1080 irregula-

232 1094 335 1128 rem
353 1079 475 1137 fieri,
499 1079 540 1127 si
552 1080 789 1129 ministret
812 1082 861 1128 in
885 1081 1071 1131 Ordine
1095 1098 1183 1146 per
1200 1084 1373 1131 saltum
1399 1095 1645 1148 suscepto.
1654 1111 1658 1116 -

234 1150 305 1195 3⁰·
340 1146 635 1212 Episcopum
672 1165 734 1196 ex
754 1149 972 1226 legitima
1006 1165 1153 1198 causa
1175 1168 1317 1216 posse
1342 1151 1411 1200 sic
1437 1152 1644 1201 Ordina-

233 1225 339 1262 tum
378 1216 630 1264 absolvere
654 1232 684 1265 a
705 1216 1035 1280 suspensione,
1073 1217 1213 1280 eique
1239 1219 1474 1267 Ordinem
1498 1221 1641 1269 omis-

226 1299 339 1332 ,sum
363 1284 585 1333 conferre
610 1294 664 1333 ut
686 1284 821 1338 illum
847 1297 1095 1334 exerceat.
1153 1287 1211 1334 Id
1239 1304 1352 1337 vero
1372 1287 1645 1352 Episcopus

233 1360 422 1401 tantum
463 1362 642 1417 potest,
679 1353 719 1401 si
760 1364 1010 1417 promotus
1036 1371 1129 1419 per
1163 1356 1338 1403 saltum
1361 1373 1456 1403 non
1479 1358 1642 1404 mznis-

167 1458 169 1460 .
232 1421 444 1476 traverit,
480 1436 657 1485 nempe
693 1420 745 1467 in
770 1421 954 1470 Ordine
979 1438 1066 1485 per
1089 1422 1262 1470 saltum
1288 1434 1548 1487 suscepto:
1602 1426 1642 1472 si

232 1497 398 1535 autem
433 1488 789 1545 ministraverit,
825 1506 947 1552 opus
972 1499 1046 1538 est
1082 1486 1437 1553 dispensatione
1472 1493 1643 1538 summi

233 1554 518 1611 Pontificis;
570 1556 681 1618 quia
722 1565 975 1604 contracta
1020 1569 1094 1606 est
1138 1558 1464 1621 irregularitas
1505 1564 1646 1620 cujus

232 1621 585 1671 absolutionem
622 1623 896 1671 concedere
932 1640 1025 1671 non
1053 1635 1252 1688 possunt
1279 1626 1527 1689 Episcopi,
1553 1627 1640 1679 nisi

232 1689 297 1739 sit
331 1690 542 1748 occulta,
580 1700 634 1739 ut
656 1700 791 1756 patet
822 1706 885 1739 ex
913 1693 1066 1740 Conc.
1091 1693 1227 1740 Trid.
1265 1709 1380 1741 seSS.
1407 1696 1488 1742 24.
1525 1711 1567 1742 c.
1594 1699 1640 1742 6.

232 1758 296 1807 de
324 1757 542 1806 Reform.

189 1825 191 1827 ’
254 1853 258 1857 -
299 1826 527 1874 Diximus
566 1836 731 1875 autem
764 1827 1126 1890 suspensionem
1164 1829 1223 1875 ab
1261 1827 1523 1876 Ordinibus
1550 1847 1645 1891 per

232 1893 407 1942 saltum
441 1897 664 1957 susceptis
687 1894 892 1948 incurri;
940 1895 1050 1957 quia
1073 1897 1434 1959 suspensionem
1460 1898 1520 1943 ad
1548 1898 1640 1944 Or-

232 1962 370 2010 dines
393 1961 610 2025 legitime
648 1972 900 2025 susceptos
924 1980 1019 2010 non
1056 1963 1257 2011 extendi
1297 1974 1372 2011 sat
1405 1965 1534 2012 clare
1569 1964 1641 2011 in-

233 2030 365 2082 dicat
394 2030 542 2078 Alex.
566 2030 634 2077 II.
670 2029 754 2078 cit
789 2046 898 2094 cap.
936 2030 1228 2084 ›Sollicitudm
1265 2032 1346 2078 ubi
1372 2032 1467 2079 hoc
1493 2048 1640 2080 unum

231 2096 416 2153 asserit,
443 2107 725 2160 promotum
752 2113 836 2160 per
860 2098 1034 2146 saltum
1057 2097 1287 2163 suspendi
1311 2100 1371 2147 ab
1395 2100 1637 2148 exercitio

233 2164 433 2213 Ordinis
456 2165 578 2212 male
600 2167 816 2228 suscepti.

299 2233 394 2281 His-
418 2232 637 2280 addimus
661 2241 934 2308 promotum
960 2232 1020 2280 ad
1048 2233 1273 2290 Ordines,
1308 2251 1403 2280 non
1439 2244 1639 2297 1ecepta

229 2300 360 2365 prius
400 2309 613 2358 tonsura,
648 2301 711 2348 ab
743 2300 799 2347 iis
842 2300 985 2348 etiam
1023 2316 1128 2348 esse
1163 2316 1475 2363 suspensum;
1525 2302 1639 2364 quia

229 2380 443 2426 tonsura,
493 2368 610 2416 licet
647 2384 745 2415 non
775 2366 835 2415 sit
875 2368 1031 2423 Ordo,
1082 2377 1153 2415 est
1197 2378 1357 2415 tamen
1396 2367 1639 2416 Ordinum

230 2436 356 2485 basis
390 2452 449 2485 ac
482 2436 868 2485 fundamentum.
937 2437 1015 2484 Ita
1038 2434 1225 2483 definiit
1259 2450 1396 2483 sacra
1419 2436 1639 2500 Congre-

229 2503 378 2568 gatio-

301 2571 491 2627 Quaeres
514 2573 580 2620 2⁰·
604 2587 666 2620 an
688 2571 848 2620 valeat
872 2570 1008 2618 Ordo
1032 2586 1118 2634 per
1142 2538 1315 2618 saltum
1340 2573 1607 2634 receptus?

294 2638 705 2701 Raffirmative,
741 2647 963 2701 excepto
1004 2647 1167 2686 tamen
1209 2639 1509 2702 episcopatu.
1577 2639 1639 2687 Id

231 2688 421 2756 constat
460 2710 506 2753 1⁰
510 2722 524 2751 ,·
566 2706 680 2770 quia
718 2706 835 2753 nihil
875 2704 1116 2753 habetur
1104 2721 1153 2752 in
1179 2705 1440 2770 Scripturis
1469 2715 1563 2755 aut·
1586 2706 1638 2754 in

232 2772 511 2825 Traditione
546 2783 631 2821 aut
664 2772 713 2820 in
746 2789 951 2836 corpore
975 2771 1124 2830 JuriS,
1161 2790 1260 2837 quo
1282 2774 1358 2822 vel
1394 2775 1660 2823 tantillumz

199 2837 461 2907 appareat
499 2839 710 2890 invalide
751 2840 960 2888 conferri
1000 2841 1237 2901 ejusmodi
1276 2841 1501 2894 Ordines.
1569 2843 1638 2887 2⁰·

231 2910 362 2965 Quia
385 2924 683 2961 summorum
707 2907 997 2956 Pontificum
1025 2908 1257 2967 Decreta,
1294 2909 1488 2974 quaead-
1509 2909 1635 2955 hanc

231 2993 332 3027 rem
384 2976 608 3039 attinent,
660 2976 803 3025 unice
860 2975 1176 3041 praescribunt
1224 2987 1275 3026 ut
1323 2976 1634 3092 confgrzntur
1681 2986 1686 2993 ⁸

271 3070 276 3075 .
1476 3058 1496 3089 r
1534 3058 1638 3091 lneS
