1846 3250
313 155 406 200 1:18
812 154 1231 206 TRACTATUS
1293 185 1301 190 β

302 279 537 327 minoium
565 279 804 329 ordinum
843 281 1119 331 functiones
1143 283 1205 331 ad
1217 280 1445 361 priscum
1471 299 1608 333 usum
1631 299 1705 333 re-

300 362 606 405 vocarentur,
641 365 734 397 nec
769 361 1117 399 exercerentur
1138 351 1229 399 nisi
1252 352 1348 400 ab
1336 352 1391 401 iis
1416 351 1498 416 qui
1533 352 1582 400 in
1613 352 1703 400 illis

306 416 374 462 01
378 415 566 466 dinibus
591 427 753 466 essent
777 418 1044 468 constituti.

685 558 918 607 CAPUT
960 558 1303 608 TERTIUM.
1325 529 1330 533 ’

750 698 829 746 De
878 697 1241 748 Subdiaconatu.

363 838 826 887 SUBmACONA'rUs
871 837 1062 886 definiri
1097 838 1220 886 solet
1248 837 1382 886 Ordo
1407 852 1560 895 sacer,
1596 855 1693 903 quo

294 904 434 952 <latui
482 915 694 969 potestas
751 905 1050 992 ministrandi
1097 906 1320 954 Diacono
1365 906 1415 953 in
1460 905 1693 955 sacrificio

288 972 472 1020 Missae.

359 1041 506 1088 Nunc
553 1042 820 1090 collocatur
856 1040 984 1090 inter
1022 1040 1230 1089 Ordines
1277 1057 1456 1099 sacros,
1492 1058 1584 1091 nec
1625 1052 1696 1089 ta·

287 1124 398 1156 men
424 1109 548 1157 inter
572 1109 677 1157 illos
688 1125 892 1187 semper
914 1109 1182 1158 recensitus
1204 1109 1314 1167 fuit,
1340 1120 1393 1157 ut
1417 1119 1606 1157 constat
1630 1126 1692 1158 ex

288 1176 488 1225 Urbano
516 1178 585 1224 ΙΙ.
620 1178 700 1242 qui
735 1178 784 1224 in
823 1177 1020 1241 Synodo
1057 1178 1401 1225 Beneventana
1451 1188 1548 1225 tres
1584 1187 1689 1226 tan-

286 1254 389 1291 turn
433 1245 641 1294 Ordines
681 1261 844 1293 sacros
890 1244 1024 1304 dicit,
1061 1244 1291 1294 videlicet
1337 1244 1686 1309 episcopatum,

283 1313 681 1376 praesbyteratum
709 1324 758 1361 et
781 1313 1106 1361 diaconatum.

354 1381 496 1429 Circa
553 1381 800 1429 materiam
856 1381 1243 1429 subdiaconatus
1279 1379 1553 1444 *multiplex
1615 1390 1687 1429 est

285 1448 641 1512 Theologorum
667 1449 922 1497 sententia.
996 1449 1065 1496 1⁰·
1091 1449 1190 1497 Alii
1209 1449 1349 1511 hujus
1374 1448 1568 1496 Ordinis
1589 1465 1688 1496 ma-

282 1518 449 1564 teriam
476 1518 720 1580 assignant
745 1517 907 1565 calicis
933 1517 1072 1566 vacui
1107 1527 1158 1565 et
1192 1528 1376 1581 patenae
1403 1532 1566 1564 vacuae
1590 1527 1686 1564 tra-

282 1583 529 1632 ditionem.
601 1587 674 1631 20·
713 1585 810 1630 Alii
849 1585 1035 1632 addunt
1080 1585 1293 1633 tunicam
1335 1586 1393 1633 ab
1439 1585 1682 1649 Episcopo
1725 1597 1727 1599 ’

279 1651 496 1700 similiter
521 1651 761 1699 traditam.
832 1656 912 1698 30·
940 1651 1038 1700 Alii
1062 1664 1281 1700 asserunt
1306 1653 1423 1700 ritus
1444 1669 1608 1700 omnes
1633 1653 1682 1699 in

279 1719 565 1767 Pontificale
590 1719 894 1782 praescriptos
917 1720 979 1767 ad
1002 1719 1128 1766 illius
1148 1719 1394 1767 materiam
1421 1720 1680 1783 pertinere.

276 1788 354 1834 4⁰·
381 1788 597 1835 Tandem
635 1786 713 1834 alii
754 1787 920 1835 volunt
955 1787 1200 1835 materiam
1227 1787 1353 1834 hanc
1387 1786 1434 1833 in
1459 1788 1562 1835 sola
1598 1805 1681 1836 co-

277 1854 397 1903 dicis
430 1855 696 1919 evangelici
720 1855 1025 1919 porrectione
1048 1871 1153 1903 esse
1177 1856 1398 1919 positam,
1423 1854 1540 1902 alios
1564 1872 1678 1903 vero

275 1922 394 1971 ritus
435 1934 765 1972 esse-tantum
813 1933 973 1987 partes
1018 1923 1392 1972 subdiaconatus
1438 1922 1679 1986 integran-

277 2000 366 2039 tes.
1354 2043 1363 2055 Ἄ

286 2089 296 2098 ·
344 2060 644 2108 Probabilior
712 2059 904 2107 videtur
974 2058 1128 2124 prima
1183 2058 1448 2115 sententia,
1502 2074 1677 2123 nempe

276 2142 443 2174 eorum
486 2128 566 2191 qui
610 2129 911 2176 contendunt
939 2128 1185 2175 materiam
1223 2127 1595 2174 subdiaconatus
1629 2128 1679 2173 in

273 2196 377 2242 solo
402 2195 564 2243 calicis
590 2206 637 2243 et
661 2206 844 2257 patenae
870 2205 1005 2243 tactu
1025 2195 1316 2250 consistere;
1352 2193 1464 2258 quia
1489 2195 1676 2242 Concil.

276 2263 506 2326 Carthag.
567 2267 614 2310 4.
642 2263 890 2326 Eugenius
914 2263 1002 2309 IV.
1028 2273 1077 2310 et
1102 2263 1235 2309 Libri
1260 2262 1454 2309 rituales
1481 2261 1670 2323 plurimi

272 2330 469 2379 alterius
507 2331 720 2378 materiae
759 2332 819 2378 ab
860 2329 1104 2394 Episcopo
1146 2330 1329 2376 traditae
1377 2329 1668 2376 mentionem

272 2415 368 2445 non
391 2398 591 2447 faciunt.
662 2401 731 2446 At
755 2397 984 2461 quidquid
1021 2398 1081 2445 sit
1116 2396 1181 2444 de
1206 2395 1345 2443 variis
1369 2395 1460 2442 illis
1486 2396 1669 2459 opinio-

271 2465 428 2524 nibus,
465 2468 647 2514 nullum
698 2466 896 2514 dubium
940 2475 1015 2513 est
1053 2464 1168 2528 quin
1204 2462 1384 2511 rectius
1425 2463 1483 2511 sit
1528 2463 1668 2511 Ritus

271 2549 438 2582 omnes
476 2536 538 2582 ab
566 2534 788 2582 Ecclesia
821 2533 1125 2597 praescriptos
1159 2533 1429 2588 observare,
1467 2547 1576 2578 cum
1601 2532 1671 2578 in-

269 2612 456 2648 certum
494 2602 647 2649 videri
692 2601 842 2666 possit
887 2617 948 2648 an
994 2600 1230 2655 Ecclesia,
1268 2616 1355 2662 per
1401 2615 1561 2662 quam,
1603 2617 1667 2648 ex

271 2667 433 2716 dictis
458 2669 586 2724 alibi,
643 2670 890 2717 institutus
938 2678 1028 2716 est
1050 2667 1440 2724 subdiaconatus,
1501 2683 1666 2715 omnes

268 2746 373 2784 aut
390 2736 658 2814 praecipuos
697 2737 838 2784 Ritus
872 2736 921 2783 in
957 2734 1249 2784 Pontificali
1267 2735 1535 2800 descriptos
1570 2751 1667 2782 non

263 2805 493 2868 requirat.
613 2844 618 2849 s

272 2907 278 2912 .
335 2875 579 2926 Quantum
605 2870 667 2918 ad
688 2871 907 2927 formam,
943 2869 1169 2919 fatentur.
1197 2886 1361 2918 omnes
1398 2869 1528 2917 illam
1558 2884 1662 2916 esse

263 2942 468 3002 positam
491 2938 544 2985 in
564 2938 720 2986 verbis
745 2954 852 3000 quae
883 2938 946 2985 ab
973 2937 1237 3005 Episcopo,
1271 2939 1384 2987 dum
1409 2936 1663 2985 materiam

260 3008 491 3073 applicat,
526 3005 911 3072 pronuntiantur.

1491 3069 1661 3118 Officia
