1846 3250
0 0 1830 34 WWWWWWWWWWWU

307 204 408 252 406
818 196 1253 250 TRACTATUS
1287 202 1289 205 ’

303 345 384 386 ter
417 331 752 385 Sacramenti:
788 334 922 399 atqui
969 334 1209 383 Sacerdos
1251 336 1499 387 benedicit
1540 342 1732 405 nuptias
1775 379 1778 381 >

304 416 358 452 ut
386 405 707 467 Dispensator
732 411 782 450 et
820 400 1050 450 Minister
1092 403 1410 463 Sacramenti,
1450 421 1503 455 ut
1539 421 1731 460 constat

299 487 367 519 ex
394 469 762 519 Pontificalibus
786 480 834 517 et
861 469 1154 518 Ritualibus.

372 539 531 587 Missa
562 535 858 602 sponsalium
910 553 987 585 an.
1041 541 1154 586 900.
1204 554 1314 601 quae
1349 540 1496 603 'vulgo
1545 542 1729 591 Gelasii

302 606 536 664 creditur,
571 606 643 654 sic
678 606 826 654 habet
852 620 1019 652 ver-sus
1052 604 1197 651 finem
1225 623 1238 652 t
1285 606 1415 655 Tunc
1448 610 1731 674 intelligitur

301 676 458 724 Deum
480 673 785 739 coujunxisse,
823 673 1009 738 quando
1038 672 1178 735 ,virgo
1192 689 1286 735 per
1313 676 1575 724 Sacerdotis
1599 678 1730 727 bene-

298 739 545 790 dictionem
569 739 865 797 benedicitur,
897 747 942 787 εἰ
966 740 1066 787 viro
1089 750 1172 786 suo
1195 740 1420 798 traditur,
1457 751 1509 790 et>
1525 744 1726 794 dicitur.-

297 825 383 874 ego
406 810 686 857 auctoritate
710 808 808 856 Dei
829 807 1059 871 conjungo
1083 823 1162 853 vos
1186 806 1236 854 in
1260 810 1617 858 matrimonium.

369 875 645 925 Concilium
713 875 1026 923 Eboracense
1085 888 1164 920 an.
1205 876 1349 921 1466.
1407 879 1588 940 Septem
1622 888 1730 928 sunt

300 945 620 1000 Sacramenta,
680 959 874 1008 quorum
928 941 1294 1004 Dispensatores
1353 952 1463 992 sunt
1510 945 1729 996 Ecclesiae

297 1010 516 1059 Praelati.

365 1077 681 1125 Herma-nnus
708 1073 1011 1125 Coloniensis
1056 1074 1329 1139 Episcopus
1368 1075 1416 1122 in
1444 1079 1728 1129 Euchiridio

293 1143 415 1192 dicit
444 1145 715 1192 Sacerdotes
738 1142 966 1208 legitimos
1007 1158 1104 1190 esse
1148 1145 1440 1192 sacramenti
1473 1147 1726 1197 Matrimo-

274 1212 364 1261 vnii
388 1212 656 1260 Ministros.

362 1279 635 1327 Decretum
685 1275 892 1326 Concilii
937 1276 1304 1324 Cameracensis
1346 1280 1599 1330 an 1567.
1636 1281 1728 1330 Pa-

291 1347 471 1394 rocbos
494 1355 639 1394 vocat
661 1345 844 1410 pariter
868 1343 1086 1405 ejusdem
1127 1344 1427 1393 Sacramenti
1456 1346 1725 1408 Ministros‚

292 1413 428 1477 apud
466 1413 685 1478 Sylvium
721 1412 771 1459 in
809 1412 1163 1475 Supplemento
1208 1412 1417 1461 Summae
1455 1414 1505 1463 S.
1547 1415 1722 1464 Thom.

295 1498 344 1545 q.
369 1483 449 1529 42.
475 1490 565 1529 art.
594 1484 672 1529 11.

366 1548 416 1597 S.
444 1549 648 1597 Carolus
666 1548 714 1594 in
744 1544 886 1595 Actis
912 1544 1152 1593 Ecclesiae
1177 1546 1560 1596 Mediolanensis
1585 1560 1724 1614 parte

291 1618 341 1662 4.
364 1616 482 1670 sess.
512 1618 554 1662 1.
584 1615 704 1662 dicit
729 1613 971 1663 Paroclzos
1013 1613 1214 1678 quinque
1244 1617 1564 1674 Sacramenta,
1593 1619 1726 1683 Bap-

293 1682 495 1737 tismum,
530 1681 900 1734 Eucharistiom‚
948 1678 1307 1734 Paenitentiam,
1364 1684 1725 1733 Matrimonium

289 1756 336 1797 et
360 1750 631 1798 Extremam
668 1747 937 1798 Unctiouem
963 1760 1021 1792 ex
1045 1763 1068 1791 o
1119 1747 1188 1794 cio
1219 1749 1552 1798 administrare
1571 1768 1724 1814 posse,

295 1815 675 1880 Cotfirmatiouis
709 1832 818 1864 vero
854 1820 900 1862 et
944 1813 1137 1861 Ordinis
1175 1815 1622 1865 administrationem
1648 1836 1720 1867 so-

293 1883 383 1932 lius
408 1900 503 1932 esse
526 1883 761 1946 Episcopi.

357 1951 497 1999 Idem
541 1950 689 1998 habet
731 1949 883 1997 Liber
917 1945 1105 1994 rituaiis
1145 1948 1194 1996 S.
1238 1949 1485 1997 Francisci
1530 1951 1718 2010 Salesii,

289 2017 374 2082 qui
408 2018 472 2067 de
508 2016 765 2082 disciplina
799 2014 1135 2064 ecclesiastica
1185 2027 1282 2063 tam
1346 2018 1471 2065 bene
1518 2019 1719 2067 meritus

284 2096 381 2133 est.

360 2152 653 2201 Sacerdotes
700 2166 807 2200 esse
851 2149 1153 2197 Sacram-enti
1197 2150 1499 2199 Matrimonii
1545 2151 1719 2201 Minis-

286 2229 388 2267 tros
421 2219 601 2283 legitur
637 2219 686 2266 in
721 2217 971 2267 sexcentis
1012 2216 1288 2265 Ritualibus
1325 2220 1407 2281 qui
1441 2235 1473 2267 a
1507 2220 1716 2269 Giberto

284 2286 561 2335 laudantur.

354 2353 501 2403 Proh.
531 2355 614 2401 40·
656 2352 748 2400 me
773 2366 915 2400 verus
951 2361 1026 2399 est
1064 2351 1362 2399 Sam-amenti
1411 2352 1714 2401 Matrimonii

286 2421 532 2477 Minister,
582 2419 665 2484 qui
719 2418 1064 2468 contrahentes
1099 2434 1214 2466 vere
1262 2418 1310 2464 in
1357 2420 1713 2467 matrimonium

286 2488 581 2552 conjungit:
635 2488 770 2552 atqui
827 2486 1066 2534 Sacerdos
1121 2486 1466 2534 con-trahentes
1502 2503 1617 2535 vere
1662 2488 1712 2534 in

283 2554 644 2604 matrimonium
703 2553 972 2616 conjungit.
1069 2552 1344 2602 Concilium
1398 2553 1526 2601 enim
1576 2553 1713 2602 Trid.

284 2638 403 2670 sess.
438 2624 520 2669 24.
556 2639 665 2686 cap.
706 2625 750 2670 1.
779 2621 845 2669 de
899 2620 1118 2668 Reform.
1159 2620 1324 2667 statuit
1361 2630 1414 2669 ut
1462 2621 1711 2669 Parochus

285 2689 420 2737 dica-t
458 2689 780 2749 ministrando
811 2687 1166 2736 matrimonium
1194 2705 1207 2734 :
1242 2688 1349 2751 Ego
1372 2705 1451 2736 vos
1473 2689 1522 2736 in
1546 2689 1712 2738 matri·

284 2756 482 2806 monium
506 2756 735 2821 conjungo
756 2756 807 2804 in
831 2755 1014 2804 nomine
1037 2754 1226 2813 Patris,
1259 2754 1342 2811 ἃς.
1435 2755 1530 2803 His
1552 2755 1710 2804 verbis

281 2824 507 2888 profecto
556 2823 798 2871 Sacerdos
851 2822 1195 2870 contrahentes
1254 2821 1303 2867 in
1352 2822 1708 2870 matrimonium

282 2889 551 2954 conjungit,
586 2891 679 2937 nisi
710 2890 906 2938 >dicatur
933 2889 1091 2936 villum
1135 2902 1232 2935 non
1267 2888 1433 2937 facere
1470 2892 1601 2953 quod
1634 2900 1706 2937 ta·

277 2974 391 3006 rnen
408 2974 461 3006 se
480 2958 645 3006 facere
667 2966 892 3005 testatur.
967 2955 1209 3004 Sacerdos
1230 2955 1380 3019 igitur
1405 2956 1706 3005 Matrimonii

282 3026 651 3075 Sacramentum
677 3024 907 3084 conficit;
939 3023 1045 3073 haec
1085 3023 1213 3074 enim
1238 3023 1300 3074 de
1326 3033 1583 3074 contractu
1609 3038 1706 3069 non

1497 3100 1706 3155 possunt
