1846 3250
272 178 367 230 108
771 181 1202 233 TRACTATUS

267 314 589 365 Ordinatione
623 332 752 365 nunc
789 335 911 381 opus
945 336 1039 367 non
1075 321 1302 376 habeant,
1337 320 1423 369 sed
1459 321 1562 371 sola
1595 337 1668 372 re·-

266 382 640 432 conciliatione.
698 386 948 445 Nimirum,
990 388 1161 452 inquit,
1204 389 1413 453 quamvis
1451 390 1668 438 haetenus

264 449 391 501 nullo
431 451 649 502 Ecclesiae
690 455 888 504 Decreco
921 459 1110 520 quaestio
1147 465 1242 504 tam
1272 455 1491 522 perplexa
1525 464 1568 505 et
1592 460 1668 506 ob

265 536 399 567 scura
435 521 585 569 decisa
618 522 695 580 sit,
731 538 993 571 consensus
1028 534 1252 572 constans
1288 534 1383 572 tam
1408 526 1669 572 multorum

266 587 542 636 Doctorum
591 590 672 652 qui
722 591 784 639 ab
819 591 954 639 annis
1003 592 1365 656 quadringentis
1404 593 1671 641 Haeretico-

265 671 372 703 rum
409 656 752 706 Ordinationes
786 659 949 707 iterari
997 661 1185 715 nolunt,
1237 661 1364 709 nobis
1409 668 1475 708 est
1515 661 1669 708 instar

262 722 379 789 legis
403 742 539 790 quam
560 727 765 775 dissensu
790 735 946 777 nostro
970 734 1207 789 temerare,
1244 746 1323 777 nec
1356 727 1560 777 volumus
1588 744 1670 776 nec

265 791 487 842 debemus.

333 860 642 925 Hyacinthus
684 862 913 912 Sbaralea
951 863 1147 912 Ordinis
1173 863 1418 912 Minorum
1448 862 1497 911 S.
1523 864 1667 911 Fran-

265 927 381 976 cisci
399 928 447 976 in
463 929 611 977 Libro
633 931 886 980 Florentiae
905 932 1035 982 edito
1061 950 1136 980 an.
1164 935 1304 981 1750.
1330 931 1409 979 ubi
1436 931 1666 994 imprimis

261 995 312 1042 in
335 996 615 1060 praef'atione
641 998 903 1047 Vitassium
939 1001 1170 1064 exagitat,
1211 1000 1404 1047 Morino
1439 1000 1668 1052 adliaesit;

263 1064 512 1127 imoultra
534 1068 859 1130 progreditur,
896 1084 953 1116 ac
978 1067 1230 1117 contendit
1261 1084 1425 1116 eorum
1454 1068 1665 1117 omnium

262 1133 346 1195 qui
368 1144 452 1182 aut
476 1134 713 1197 dignitate
737 1136 905 1185 dimoti
942 1147 1070 1193 sunt,
1107 1146 1191 1184 aut
1223 1146 1364 1183 extra
1390 1135 1660 1183 Ecclesiam

262 1201 469 1266 depulsi,
504 1213 588 1250 aut
622 1203 705 1267 qui
736 1203 905 1252 intrusi
943 1216 1025 1252 aut
1062 1205 1303 1253 invasores
1340 1202 1663 1267 aPpellantur,

261 1284 393 1318 nunc
416 1268 573 1319 irritas
599 1287 704 1319 esse
729 1272 1096 1320 Ordinationes.

331 1337 519 1387 Neutra
563 1340 804 1388 sententia
844 1338 1107 1403 'theologis
1147 1338 1346 1404 placuit,
1398 1348 1671 1403 eorumque

262 1400 531 1454 communis
553 1407 793 1457 sententia
817 1419 891 1456 est
909 1407 1250 1457 Ordinationes
1273 1408 1426 1456 factas
1450 1408 1511 1454 ab
1530 1406 1668 1470 Epis-

263 1474 396 1536 copis
421 1474 675 1551 haereticis,
700 1475 1033 1533 schismaticis,
1062 1476 1349 1533 simoniacis,
1374 1475 1665 1537 degradatis,

261 1540 474 1601 intrusis,
498 1553 624 1591 ratas
644 1560 701 1591 ac
721 1544 900 1592 validas
925 1561 1048 1602 esse,
1071 1545 1139 1592 ita
1164 1555 1233 1599 ut,
1259 1543 1427 1606 Judice
1449 1542 1668 1589 Hallerio

253 1617 366 1672 post
408 1626 686 1659 communem
728 1610 1059 1675 Theologorum
1098 1630 1375 1669 consensum,
1423 1625 1664 1660 erroneum

259 1687 376 1726 esset
415 1678 592 1742 idjam
633 1695 820 1743 negare.
903 1678 1089 1727 Eadem
1132 1695 1335 1727 censura
1376 1679 1669 1726 sententiam

260 1754 521 1808 negantem
557 1755 726 1795 notant
752 1748 943 1795 Auctor
976 1746 1038 1795 de
1069 1761 1123 1795 re
1156 1746 1542 1802 sacramentaria,
1584 1745 1668 1791 Vi-

256 1811 451 1872 tassius,
489 1813 724 1871 Colletus,
760 1814 980 1862 nimirum
1007 1825 1204 1879 propter
1228 1812 1521 1861 Traditionis
1550 1828 1667 1860 auc-¹

262 1881 524 1940 toritatem,
553 1881 789 1931 Ecclesiae
806 1882 992 1947 praxim
1011 1893 1061 1931 et
1078 1882 1289 1931 omnium
1306 1881 1666 1946 Theologorum

264 1948 551 1999 doctrinam.

685 2160 688 2163 Ι
756 2065 1197 2137 PRoposrrio.

276 2221 437 2272 Valide
474 2231 582 2272 sunt
608 2224 936 2273 Ordinationes
974 2225 1215 2272 secandune
1253 2223 1391 2271 ritum
1425 2239 1455 2269 α
1485 2221 1667 2272 Christo

328 2291 589 2341 institutum
605 2293 764 2358 sap-tce
798 2291 856 2338 ab
891 2291 1132 2357 Episcopi-s·
1167 2290 1409 2345 haereticis‚
1451 2289 1667 2338 schisma·

260 2370 265 2376 ·
331 2359 449 2417 licis,
484 2361 767 2426 degradatzv,
801 2359 1036 2425 deposilzs‚
1066 2355 1479 2408 excommunicati&
1516 2356 1666 2403 intru-

328 2429 407 2485 sis,
452 2428 782 2488 invasoribm,
801 2427 1078 2484 simoniacas,
1122 2443 1215 2475 uno
1256 2424 1403 2481 verbo,
1452 2422 1666 2499 'improbis

331 2495 569 2574 omnibus..

266 2651 269 2654 “
332 2629 593 2686 Hallerius,
630 2630 881 2689 Vitassius‚
920 2640 967 2679 et
991 2628 1068 2678 alii
1093 2627 1141 2675 id
1168 2621 1371 2691 probant
1397 2625 1668 2677 minutatim

265 2695 342 2744 de
345 2695 562 2775 'singulis
588 2698 957 2746 Ordinationum
988 2698 1176 2745 illarum
1212 2696 1483 2760 speciebus.
1554 2695 1669 2742 Hoc

263 2763 382 2812 ver'o
407 2779 518 2812 cum
544 2764 624 2812 vix
649 2765 753 2813 fieri
778 2766 929 2830 possit
951 2765 1053 2813 sine
1078 2761 1260 2812 crebris
1284 2781 1341 2812 ac
1367 2762 1577 2812 taediosis
1599 2775 1677 2808 re·

265 2830 596 2896 petitionibuS,
632 2832 807 2897 quibus
845 2849 944 2880 non
966 2848 1135 2895 parum
1173 2831 1467 2898 defatigatur
1482 2831 1670 2878 Lecto->

264 2910 372 2949 rum
408 2897 612 2958 animus,
650 2909 868 2962 cumque
881 2899 1085 2948 instituti
1120 2898 1270 2948 nostri
1312 2900 1435 2951 ratio
1458 2894 1670 2961 postulet

265 2977 320 3017 ut
366 2966 590 3020 brevitati
636 2968 959 3027 consulamuS,
1012 2966 1309 3032 argumentis
1364 2962 1670 3042 generalibus

321 3063 325 3069 ·
362 3064 368 3071 —
1401 3032 1671 3080 insistemus
