1846 3250
562 138 670 188 DE.⁷
697 134 1194 190 MATRIMONIO.
1317 157 1326 161 -
1494 134 1615 202 ⁴257,

170 274 328 335 palam
368 272 498 321 falso
516 282 599 321 aut
629 287 744 320 vere
778 277 935 335 jaotet
978 287 1031 320 se
1065 288 1178 320 cum
1203 284 1381 334 sponsa
1416 271 1598 334 pecca:

169 341 310 396 visse,
349 340 451 387 haec
476 356 571 386 non
597 349 795 388 tenetur
821 339 1065 402 promissis
1090 350 1236 387 stare.

237 408 374 456 idem
418 407 696 455 decendum
740 417 830 463 est,
868 407 906 455 si
955 407 1084 457 fama
1121 405 1398 468 percrebuit
1447 390 1593 453 alter-

169 485 329 522 utrum
372 490 602 536 sponsum
644 473 994 537 impedimento
1036 474 1281 522 dirimenti
1324 488 1431 523 esse
1472 471 1594 534 liga-

170 553 288 589 tum.
363 542 676 598 Addidixuus,
702 542 848 589 modo
873 557 968 589 vox
995 542 1056 589 sit
1084 557 1199 589 vere
1224 541 1423 604 publica
1467 540 1593 588 Haec

169 610 294 655 enim
345 609 485 657 valde
528 609 873 673 distinguenda
921 620 995 656 est
1043 624 1071 657 a
1109 608 1243 670 vagis
1293 608 1594 670 incertisque

165 676 436 725 rumoribus
461 677 622 727 animo
665 678 885 736 credulo,
925 675 1019 725 levi
1065 685 1148 723 aut
1174 675 1320 730 etiam
1349 674 1589 724 malevolo

165 743 357 806 sparsis.

235 810 310 857 2⁰·
346 812 521 861 Gravis
545 810 761 864 scandali
810 812 885 859 vel
929 809 1124 858 infausti
1162 809 1435 857 futurarum
1468 826 1591 873 nup-

166 878 339 926 tiarum
373 880 529 932 exitus
556 880 731 936 timor,¹
779 878 819 926 si
855 880 981 928 bene
1022 875 1085 926 sit
1109 877 1370 926 «fundatus.
1439 875 1592 926 ‘Ratio

164 955 247 993 est‘
264 947 376 1009 quia
401 946 502 995 sine
529 947 711 995 delicto
736 962 879 994 nemo
904 956 1067 1009 potest
1108 945 1154 992 id
1199 960 1363 1007 agere,
1383 959 1466 1000 ,ex
1493 959 1592 1006 quo

160 1015 383 1075 sequitur
406 1026 554 1077 grave
578 1013 880 1090 scandalum,
918 1023 968 1060 et
995 1013 1125 1060 unde
1143 1022 1411 1067 nascuntur
1436 1012 1592 1059 multa

164 1080 277 1127 odia
316 1090 364 1129 et
404 1081 570 1145 Jurgia
610 1081 711 1129 sive
750 1081 876 1128 inter
913 1081 1261 1129 contrahentes
1310 1079 1411 1128 sive
1459 1079 1590 1127 inter

166 1162 333 1195 eorum
359 1149 767 1212 consanguineos,

230 1218 310 1261 30·
349 1214 683 1265 Contradictio
709 1225 985 1279 parentum,
1023 1230 1134 1263 eum
1173 1212 1530 1263 matrimonium
1558 1229 1588 1264 a

156 1277 479 1332 'filiisfamilias
521 1284 625 1333 sine
664 1297 907 1333 consensu
946 1293 1205 1347 parentum
1235 1281 1434 1331 minime
1471 1294 1588 1329 con-

160 1349 283 1396 trahi
310 1349 503 1400 debeat.

226 1422 291 1464 40
332 1417 585 1482 Sponsalia
610 1419 670 1467 ab
708 1415 1044 1482 impuberibus
1071 1416 1208 1466 initia
1233 1416 1584 1475 dissolvuntur,
1635 1428 1648 1431 ’“

160 1496 272 1531 cum
298 1500 409 1548 pars
433 1487 588 1534 altera
609 1499 762 1534 annos
794 1484 1065 1547 pubertatis
1107 1485 1285 1547 adepta
1316 1484 1586 1539 reclamat3

158 1550 307 1614 idque
356 1552 595 1618 privilegii
644 1551 839 1602 tenellae
885 1568 1056 1600 eorum
1113 1551 1264 1604 aetati
1293 1565 1585 1602 concessere

159 1618 339 1682 Leges.

282 1686 499 1735 ·Potest
537 1702 634 1734 una
673 1702 785 1751 pars
822 1701 852 1734 a
882 1685 1188 1750 sponsalibus
1226 1650 1430 1742 resilire,
1469 1700 1585 1738 cum

156 1768 219 1801 ex
225 1706 395 1802 omem
434 1752 572 1817 gravi
613 1754 878 1812 contraxit,
929 1770 1023 1801 nec
1070 1764 1243 1816 postea
1288 1753 1449 1801 verbis
1497 1764 1583 1804 aut

150 1820 294 1869 factis
317 1821 530 1885 priorem
556 1823 863 1870 contractum
899 1820 1203 1885 approbavit.

167 1955 332 2004 Utrum
360 1953 607 2020 Sponsalia
628 1955 792 2021 priora
812 1972 901 2021 per
926 1955 1199 2019 posteriora
1224 1954 1583 2005 dissolvantur?

164 2126 165 2129 η
226 2089 430 2138 Constat
487 2089 757 2153 generatim
804 2089 1067 2152 loquendO,
1127 2090 1372 2155 sponsalia
1416 2089 1583 2154 priora,

152 2171 241 2219 per
282 2156 552 2220 posteriora
600 2157 795 2206 minime
843 2157 1072 2215 dissolvi;
1122 2173 1231 2206 cum
1285 2174 1347 2206 ex
1387 2159 1580 2208 duabus

153 2222 531 2287 obligationibus
555 2225 807 2289 aequaliter
839 2236 890 2274 et
915 2224 1134 2289 ejusdem
1160 2225 1372 2290 generis,
1414 2227 1454 2283 si
1479 2242 1580 2275 am·

152 2290 226 2339 bae
274 2306 368 2338 non
413 2291 599 2355 possint
645 2292 853 2356 impleri,
906 2294 1147 2357 posterior
1194 2294 1341 2357 priori
1396 2294 1579 2343 cedere

153 2357 345 2406 debeat.
419 2362 489 2407 At
512 2359 774 2409 difficultas
811 2358 945 2409 nasci
983 2371 1147 2424 potest
1178 2378 1241 2411 ex
1282 2361 1577 2425 quibusdam

151 2424 526 2474 circumstantiis
567 2444 676 2491 quae
719 2427 982 2491 aliquando
1030 2428 1381 2491 posterioribus
1430 2443 1577 2492 spon-

152 2492 330 2539 salibus
368 2494 714 2557 adjunguntur.
785 2495 919 2543 Hinc
945 2496 1146 2544 dubium
1175 2512 1283 2544 esse
1323 2506 1485 2559 potest
1516 2499 1577 2544 10·

150 2572 210 2605 an
252 2561 493 2622 sponsalia
530 2561 689 2624 priora
725 2563 873 2611 etiam
914 2579 1011 2611 non
1043 2568 1208 2625 jurata
1248 2563 1577 2617 dissolvantur

149 2641 233 2687 per
276 2627 549 2688 posteriora
582 2634 762 2691 jurata.
834 2633 900 2677 2⁰
940 2632 1020 2678 An
1067 2645 1289 2694 sponsus,
1327 2630 1577 2679 dissolutis

148 2691 387 2754 prioribus
411 2697 729 2768 sponsalibus,
757 2716 801 2746 v.
825 2715 874 2761 g.
910 2714 997 2761 per
1021 2699 1193 2762 pnioris
1222 2714 1412 2762 sponsae
1447 2714 1581 2746 mor-¹

150 2768 270 2817 te'rn,
301 2769 400 2810 aut
439 2762 533 2811 aiio
573 2757 771 2821 modo,
787 2776 1012 2816 teneatur
1058 2766 1330 2830 posteriora
1375 2765 1572 2829 exequi.

146 2827 213 2872 30·
255 2829 334 2878 An
360 2843 580 2892 sponsu-s,
616 2831 945 2882 sisecundam
977 2850 1207 2897 sponsam
1242 2836 1332 2884 sub
1358 2849 1445 2897 spe
1471 2847 1571 2879 ma-

142 2894 360 2942 trimonii
401 2896 671 2958 defloravit,
711 2911 938 2951 teneatur
979 2901 1026 2950 in
1053 2901 1214 2953 damni
1242 2899 1568 2964 compensati-

143 2975 293 3017 onem
323 2979 429 3011 eam
455 2964 653 3014 ducere
1570 3009 1575 3014 .
