1846 3250
262 154 361 208 432
772 152 1204 212 TRACTATUS

256 302 361 335 nnn.
384 290 431 335 2.
472 289 526 338 Si
549 290 650 354 quis
673 291 844 340 dixerit
869 290 1023 341 lacere
1045 288 1331 341 christianas
1368 289 1536 356 plures
1547 290 1685 340 simul

256 355 424 405 habere
462 373 642 411 uxore-3,
680 365 724 405 et
765 358 849 407 hoc
884 358 1015 405 nulla
1039 361 1168 426 Lege
1202 360 1360 409 divina
1396 374 1493 406 esse
1525 358 1688 424 prohz·

254 421 413 479 bitum,
451 423 696 476 anathema
737 427 814 475 sit.
890 425 1167 487 Diligenter
1208 437 1371 473 autern
1415 424 1683 473 notandum

254 498 327 540 est
353 490 479 538 hanc
506 490 685 544 Christi
712 492 757 539 Ι
744 507 900 554 egem
938 509 1069 540 esse
1081 493 1399 542 universalem
1427 503 1476 540 et
1511 492 1683 539 indefi-

255 555 439 613 nitam3
489 574 600 604 cum
647 558 888 616 Christus,
926 559 1008 622 qui
1055 560 1102 607 in
1141 576 1309 607 omnes
1351 575 1546 622 prorsus
1595 559 1683 604 ho-

254 623 409 672 mines
450 635 744 687 potestatem
787 626 950 683 habet,
1002 627 1297 689 generaliter
1332 643 1392 674 ae
1429 626 1681 675 indefinite

254 690 450 747 dixerit,
490 693 761 757 quicumque
802 695 1031 741 dimiserzt
1073 711 1258 742 uxorem
1301 700 1500 756 suamet
1538 692 1682 741 aliam

252 757 454 816 duxerit,
492 760 765 807 moeckatur.
840 760 1069 809 Infideles
1106 760 1311 824 proinde
1348 777 1407 807 ea
1436 759 1575 823 Lege
1614 769 1683 806 te-

252 835 448 880 nentur,
484 826 843 877 necimmerito
880 828 1035 890 exigit
1062 828 1305 883 Ecclesia,
1341 838 1394 881 ut
1431 837 1539 890 post
1566 842 1683 874 con-

253 893 524 941 versionem
557 894 619 942 ad
646 894 813 941 Fidem
841 911 948 942 eam
989 896 1180 949 unicam
1209 896 1447 947 retineant
1475 909 1680 940 uxorem

252 975 460 1021 quacum
489 962 694 1022 primum
740 963 986 1023 conjuncti
1025 972 1152 1014 sunt.
1226 962 1274 1009 Si
1302 973 1463 1009 tamen
1491 961 1679 1022 Legem

251 1028 583 1089 evangelicam
639 1028 982 1079 invincibiliter
1024 1029 1268 1091 ignorent,
1327 1028 1682 1091 proper·hanc

252 1093 572 1155 ignorantiam
601 1111 629 1142 a
652 1096 871 1158 pluribus
897 1107 1196 1149 excusantur
1221 1097 1281 1144 ab
1306 1095 1563 1145 adulterio.

319 1160 466 1212 Dices
499 1167 557 1210 1⁰·
595 1162 777 1211 Scribit
808 1165 1047 1215 Socrates
1089 1164 1173 1211 lib.
1215 1167 1262 1209 4.
1336 1163 1467 1212 Hist.
1508 1178 1553 1209 c.
1598 1164 1680 1209 31.

252 1227 648 1279 Valentinianum
674 1230 1027 1292 Imperatorem
1069 1229 1387 1282 christianum
1429 1229 1547 1275 duas
1591 1245 1683 1276 ux-

253 1310 362 1344 ores
400 1296 618 1354 duxisse,
656 1308 706 1344 et
749 1297 1171 1360 hanc-propterea
1195 1297 1384 1359 Legem
1410 1295 1592 1353 tulisse,
1630 1302 1682 1343 ut

247 1361 430 1412 cuilibet
465 1363 637 1414 volenti
673 1362 827 1413 liceret
865 1366 981 1416 (luas
1018 1382 1186 1415 uxores
1225 1364 1394 1413 habere
1428 1361 1675 1428 legitimans.

249 1429 404 1491 Ergo,
427 1430 524 1480 διο.

294 1499 378 1545 R.
421 1502 480 1545 10
518 1514 623 1547 eam
659 1499 865 1561 Lenem,
904 1498 941 1546 si
967 1498 1114 1546 fuerit
1139 1515 1167 1545 a
1193 1498 1535 1546 Valentiniano
1560 1497 1677 1554 lata,

252 1565 540 1613 contrariam
571 1566 721 1614 fuisse
769 1567 896 1647 Legi
938 1566 1127 1624 divinae,
1166 1582 1194 1614 a
1230 1566 1423 1614 nemine
1470 1566 1679 1628 proban-

247 1631 374 1678 dam.
608 1666 609 1669 η

252 1735 257 1740 ⁷
315 1699 378 1746 R.
416 1702 482 1747 20·
522 1699 775 1749 Socratem
815 1700 894 1763 qui
934 1700 1065 1748 solus
1108 1700 1170 1747 de
1206 1700 1409 1763 praefato
1451 1696 1679 1775 conjugio

248 1775 298 1815 ct
323 1765 521 1815 laudata
548 1766 691 1829 Lege
716 1767 985 1842 loquitur,
974 1783 1021 1813 m
1048 1784 1108 1814 eo
1133 1783 1229 1813 non
1254 1782 1397 1815 secus
1422 1781 1480 1812 ac
1505 1766 1551 1813 in
1570 1762 1676 1811 aliis

199 1872 201 1875 ,
247 1833 411 1881 multis
453 1849 656 1890 errasse,
695 1834 765 1881 uti
808 1834 970 1882 multis
1013 1833 1311 1897 argumentis
1343 1833 1679 1881 demonstrant

244 1899 454 1952 Eruditi.
544 1901 764 1950 Sufficiat.
807 1914 1041 1955 annotare
1069 1917 1162 1948 nee
1199 1901 1548 1957 Sozomenum,
1580 1914 1675 1946 nec

247 1968 633 2026 Theodoretum,
676 1985 768 2016 nec
789 1969 1059 2024 Zuziumm,
1087 1984 1178 2016 nec
1209 1967 1518 2020 Ammianum
1535 1966 1675 2014 Mar-

247 2034 496 2089 cellinum,
548 2052 641 2084 nec
683 2036 802 2084 alios
855 2035 1129 2085 Historicos
1166 2034 1515 2092 Valentiniano
1561 2049 1676 2095 sup-

244 2118 386 2165 pates
412 2102 474 2152 de
499 2103 583 2152 illa
620 2104 772 2167 Lege
794 2119 1065 2153 sermonem
1090 2103 1273 2157 facere,
1298 2117 1404 2149 nec.
1441 2101 1671 2148 adversus

246 2186 350 2218 eam
396 2166 693 2220 reclamasse
739 2172 1115 2242 Hieronymum,
1179 2168 1528 2232 Augustinum,
1588 2176 1674 2218 aut

244 2238 437 2300 quosvis
473 2237 591 2286 alios
630 2240 815 2286 Patres.
888 2238 1032 2286 Unde
1076 2235 1330 2287 manifeste
1368 2246 1504 2299 patet
1541 2235 1673 2282 illam

244 2320 349 2352 esse
398 2303 634 2362 fictitiam,
670 2305 798 2353 sicut
842 2305 1123 2367 conjugium
1159 2304 1220 2350 de
1260 2320 1356 2364 quo
1400 2302 1582 2350 mentio
1617 2303 1673 2348 fit

241 2372 289 2417 in
329 2372 661 2432 objectione·
708 2372 1035 2420 Confirmatur
1083 2387 1142 2418 eo
1191 2371 1322 2432 quod
1397 2369 1671 2432 Scriptores

195 2487 197 2489 ,
240 2440 434 2501 pagani,
472 2439 738 2502 praesertim
763 2439 1062 2495 Ammianus,
1089 2439 1171 2487 lib.
1200 2443 1245 2486 3.
1271 2436 1667 2487 Valentinianum

245 2506 566 2556 celebraverit
588 2507 720 2568 quod
745 2507 870 2555 omni
886 2507 1129 2571 pudicitie&
1151 2504 1277 2553 cultu
1301 2505 1425 2559 domi
1449 2511 1616 2553 castus
1625 2510 1671 2555 et

219 2575 359 2636 flJrz's
384 2582 498 2621 esset

311 2641 454 2688 Dices
480 2643 543 2686 20·
572 2639 844 2703 Gregorius
871 2640 937 2688 ΙΙ.
976 2640 1133 2703 Epist.
1163 2641 1239 2691 lsl.
1270 2639 1332 2686 ad
1359 2635 1667 2691 Bonifacium

241 2707 507 2755 secundam
557 2724 760 2756 uxorem
797 2707 1033 2770 permittit
1070 2706 1280 2763 cuidam,
1317 2715 1517 2769 piopter
1571 2703 1668 2768 pri-

242 2774 336 2822 oris
364 2773 527 2822 uxoris
551 2774 907 2835 aegritudinem.

308 2842 465 2889 R..1⁰·
502 2856 786 2903 responsum
829 2841 1048 2904 pluribus
1089 2839 1241 2891 videri
1289 2837 1666 2901 supposititium.

243 2908 309 2957 20·
347 2906 496 2959 Multi
520 2918 744 2960 asserunt
770 2925 880 2961 cum
910 2908 1047 2958 Estio
1072 2907 1193 2961 illud
1221 2905 1667 2969 rejiciendumesse

1442 2982 1670 3035 tanquam
