1846 3250
658 157 752 217 DE
790 147 1080 217 ORDINE.
1512 169 1572 219 77

233 303 295 350 R.
321 304 399 351 20·
436 310 666 366 quantum
692 302 755 350 ad
796 313 960 351 nostra
997 313 1230 366 tempora,
1259 303 1436 351 nullam
1461 319 1572 367 pro-

168 379 363 418 tonsura
399 381 448 418 et
489 369 752 419 minoribus
796 370 1060 419 Ordinibus
1099 380 1289 419 aetatem
1331 388 1360 424 a
1386 372 1571 420 ConciL

168 437 298 484 Trid.
339 437 555 494 definiri,
589 438 676 486 sed
721 454 827 489 eam
872 439 1222 501 Episcoporum
1271 438 1466 487 arbitrio
1514 456 1574 488 ac

161 505 428 568 prudentiae
445 506 860 556 determinandam
880 504 1108 570 relinquit
1127 507 1207 554 De
1225 506 1298 561 iis,
1319 507 1401 570 qui
1421 507 1573 571 prima

163 584 359 621 tonsura
381 574 600 622 initiandi
624 584 751 632 sunt,
789 574 894 622 haec
919 581 1105 622 tantum
1132 574 1316 633 statuit,
1354 592 1469 623 sess.
1491 571 1572 623 22⁶3.

164 657 208 688 c.
233 644 280 688 4.
316 641 378 690 de
409 642 621 691 Reform.
690 643 868 692 Prima
890 652 1151 697 ,tonsuram
1185 658 1281 689 non
1305 645 1570 699 initientur,

161 710 246 771 qui
287 708 649 758 Sacramentum
681 711 1087 775 Confirmationis,
1126 727 1222 758 non
1269 715 1569 774 susceperint,

159 785 204 822 et
248 777 394 826 Fidei
438 780 707 826 rudimenta
751 780 898 826 edocti
944 795 1039 826 non
1071 778 1276 842 fuerint,
1315 782 1491 842 quique
1530 790 1575 826 et

162 844 358 893 scribere
379 849 601 904 nesciant,
640 856 684 894 et
716 848 773 894 de
794 847 967 910 quibus
991 846 1238 911 probabile
1270 863 1366 893 non
1403 848 1465 894 sit
1500 865 1574 895 eos

160 929 256 958 non
293 914 539 962 saecularis
559 915 744 976 judicii
763 915 996 979 fuyiendz'
1018 915 1221 979 fraude,
1256 917 1337 962 sed
1374 923 1428 962 ut
1466 915 1573 962 Deo

141 980 338 1041 fidelem
361 982 538 1028 cultum
552 991 793 1045 praestent,
830 982 915 1031 hoc
935 986 1046 1029 vitoe
1064 999 1214 1044 yenus
1236 982 1436 1045 eleqisse.

230 1049 413 1113 Synodi
450 1045 742 1100 Dioecesane
788 1052 1039 1128 perplures
1085 1050 1334 1113 requirunt
1388 1060 1442 1097 ut
1489 1051 1572 1114 qui

160 1116 224 1163 ad
263 1125 509 1165 tonsuram
547 1119 739 1166 accedit
778 1119 931 1184 prima
968 1118 1322 1168 Communione'
1357 1119 1572 1182 corporis

161 1184 339 1233 Christi
385 1187 654 1249 perfunctis
699 1187 776 1244 sit,
814 1197 864 1236 et
910 1203 1088 1235 annum
1122 1186 1233 1233 vitae
1276 1190 1353 1234 14.
1391 1187 1567 1250 attige-

158 1252 238 1310 rit,
274 1263 420 1317 atque
458 1253 538 1301 hic
575 1264 659 1303 est¹
691 1256 805 1305 satis
841 1255 1108 1304 communis
1135 1255 1372 1303 Ecclesiae
1396 1267 1571 1303 nostrae

163 1336 291 1368 usus.
918 1376 923 1381 .

226 1389 307 1435 De
332 1388 594 1437 minoribus
619 1400 782 1440 autem
808 1391 1074 1440 Ordinibus
1096 1391 1196 1440 hoc
1231 1407 1377 1439 unum
1404 1391 1574 1439 decer-

160 1456 231 1502 nit
257 1456 377 1504 Con.
411 1457 545 1504 Trid.
583 1474 698 1506 sess.
721 1461 804 1507 23.
841 1471 889 1506 ο.
914 1463 989 1507 11.
1029 1458 1090 1506 de
1128 1459 1398 1506 Reformat.
1470 1461 1573 1507 Mi-

161 1540 297 1571 nores
329 1524 533 1572 Ordines
554 1527 616 1572 iis
637 1528 724 1589 qui
745 1527 908 1574 saltem
932 1527 1148 1588 linquam
1172 1527 1373 1573 latinam
1397 1527 1571 1574 intelli-

156 1600 280 1651 yant
291 1608 383 1655 per
399 1601 656 1656 temporum
679 1595 931 1642 interstitia
948 1594 1271 1658 constrantur.

190 1674 193 1675 ’
230 1659 293 1708 R.
320 1662 398 1707 30.
423 1661 610 1709 Concil.
628 1661 762 1709 Trid.
785 1662 847 1711 de
865 1663 1128 1712 Ordinibus
1153 1663 1318 1718 sacris,
1344 1678 1459 1710 sess·
1486 1665 1568 1710 23.

162 1727 223 1775 de
246 1727 461 1776 Reform.
485 1744 529 1776 c.
553 1731 630 1777 12.
664 1730 734 1777 sic
752 1730 978 1779 statuisse
998 1749 1009 1777 ε
1048 1729 1230 1777 ,Nullus
1265 1733 1314 1776 in
1329 1739 1570 1793 posterum

160 1796 229 1841 ad
248 1796 612 1845 subdiaconatus
644 1798 871 1857 Ordinem
900 1807 1008 1845 ante
1036 1800 1115 1844 22.
1137 1815 1335 1849 armum,
1375 1799 1443 1844 ad
1463 1800 1570 1845 dia-

161 1872 356 1911 conatus
383 1860 503 1911 ‘ante
526 1867 606 1912 ⁶23.
640 1867 709 1911 ad
746 1866 1130 1928 Praesbyteratus
1169 1874 1277 1911 ante
1303 1868 1383 1911 25.
1419 1864 1571 1912 oetatis

163 1937 263 1978 succ
285 1947 470 1978 annum
492 1941 844 1995 promoveatur.
914 1934 1038 1980 Haec
1064 1941 1226 1980 autem
1253 1932 1314 1980 de
1339 1933 1474 1987 annis
1499 1933 1571 1978 in-

161 1997 337 2060 coeptis
375 2015 436 2046 ex
477 2016 565 2047 usu
606 2000 958 2064 intelliguntur.
1050 2000 1255 2049 Concilii
1298 2001 1579 2049 Decretum

164 2065 344 2128 ubique
368 2081 496 2114 nunc
521 2068 817 2116 observatur.
1579 2075 1581 2077 ’

231 2133 296 2180 R.
321 2135 397 2180 4⁰·
449 2150 512 2183 ex
561 2136 976 2185 Concordatorum
1025 2137 1179 2200 Lege,
1216 2137 1290 2184 tit.
1329 2139 1374 2185 5;
1414 2135 1579 2184 Gallis*

162 2216 268 2249 esse
291 2209 576 2252 concessum
618 2214 673 2252 ut
707 2205 1015 2281 episcopatus
1040 2205 1275 2269 dignitate
1300 2214 1464 2268 posset
1498 2204 1569 2250 in-

163 2269 327 2332 signiri
362 2270 444 2333 qui
480 2272 768 2336 pervenerit,
815 2273 878 2321 ad
916 2276 995 2324 27.
1031 2289 1129 2320 suae
1171 2274 1324 2321 aetatis
1372 2288 1567 2320 annum.

160 2338 419 2389 Veteribus
443 2355 560 2388 vero
584 2342 881 2418 temporibus
906 2357 1048 2389 nemo
1073 2352 1186 2389 ante
1209 2357 1386 2389 annum
1412 2339 1582 2387 aetatis‘

161 2420 261 2452 suae
307 2407 756 2472 quinquagesimum
798 2409 859 2457 ad
905 2425 1183 2473 supremum
1229 2409 1340 2456 hoc
1372 2408 1566 2498 honoris

158 2473 402 2537 fastigium
418 2476 745 2525 evehebatur.·

231 2541 296 2587 R.
335 2546 398 2590 5⁰.
450 2543 584 2591 illum
627 2545 708 2606 qui
755 2554 868 2592 ante
926 2545 1188 2608 legitimam
1251 2553 1445 2592 aetatem
1502 2544 1566 2592 ad

162 2614 322 2656 sacros
374 2609 583 2659 Ordines
634 2613 894 2676 irrepserit,
953 2628 1236 2674 suspensum
1285 2628 1407 2669 esse,
1467 2628 1565 2658 non

164 2684 349 2722 tantum
407 2678 590 2741 quoad
614 2690 807 2728 aetatem
866 2680 1143 2743 requisitam
1192 2680 1425 2743 attigerit,
1478 2679 1566 2727 sed

164 2741 431 2802 indefinite,
464 2760 669 2810 eumque
706 2747 813 2797 fieri
852 2747 1182 2811 irregularem,
1219 2750 1259 2796 si
1294 2749 1343 2794 in
1380 2763 1438 2795 eo
1470 2757 1566 2794 sta-

164 2817 217 2855 tu
276 2809 482 2860 officium
529 2816 822 2864 eXercuerit.
899 2817 977 2864 Ita
1022 2816 1188 2864 statuit
1250 2816 1364 2863 Pius
1411 2815 1480 2862 II.
1517 2815 1566 2859 in

162 2877 369 2992 iamim]
390 2879 527 2995 (ἔκηε
548 2897 605 2931 eoe
634 2900 892 2943 sacrorum,
951 2883 1030 2933 cui
1076 2885 1289 2969 conciuit
1340 2882 1575 2947 Synodusx

224 2960 251 2992 e
288 2961 333 2991 lo
562 2960 566 2965 ·
777 2975 779 2977 ·

1377 3015 1567 3063 Titulus
