1846 3250
683 186 780 234 DE
819 182 1113 235 ORDINE.
1511 187 1608 237 189

195 323 420 372 videntur
459 319 714 370 manifeste
751 319 969 369 indicare
1008 321 1242 388 quosdam
1283 321 1606 388 Chorepisco-

191 409 281 456 pos
306 389 604 455 episcopalia
626 388 791 436 munia
824 389 1019 437 obiisse.

258 460 459 516 Quaeres
503 458 583 506 50·
634 455 938 522 quandonam
996 456 1047 505 in
1100 458 1328 508 Ecclesia
1375 459 1606 511 desierint

199 525 581 591 Chorepiscopi.
568 525 592 559 '³

264 596 327 644 R.
361 596 410 642 in
436 594 696 643 occidente
744 608 827 641 eos
869 608 980 640 saec.
1006 586 1051 640 8.
1075 591 1291 653 desiisse,
1328 594 1376 642 in
1404 595 1608 645 Oriente

197 672 247 711 et
290 663 555 712 Germania
599 661 778 711 saeculo
815 662 893 709 12.
963 662 1035 708 At
1080 661 1346 710 etiamnum
1388 665 1611 713 obtinent

194 731 243 778 in
270 731 496 780 Ecclesia
531 727 884 787 Alexandrina,
920 727 1049 793 apud
1096 729 1244 794 Syros
1282 740 1331 780 et
1374 733 1611 796 quosdam

195 801 315 847 alios
358 799 650 857 Orientales,
685 798 734 844 in
759 797 985 846 Ecclesia
1008 797 1285 846 Trevirensi
1326 809 1376 847 et
1416 800 1612 848 Coloni-

199 868 317 916 ensi.
390 868 490 917 Sed
529 867 585 916 iis
623 867 672 914 in
714 866 836 914 locis
873 882 969 913 non
1002 872 1116 913 sunt
1154 867 1371 928 ejusdem
1414 869 1610 916 omnino

198 936 487 985 conditionis
531 951 591 984 ac
625 944 817 983 veteres
845 933 1216 999 Chorepiscopi,
1250 934 1469 1000 quamvis
1515 937 1611 985 sint

194 1005 411 1068 ejusdem
434 1003 659 1053 nominis.

270 1073 462 1128 Quoeres
492 1076 575 1121 60·
610 1086 829 1136 quaenam
868 1086 1031 1120 causae
1069 1058 1251 1120 fuerint
1290 1070 1616 1163 Chorepisco·

194 1155 283 1206 pos
306 1139 612 1204 abrogandi?

264 1210 326 1258 R.
361 1208 566 1274 primam
613 1223 808 1258 causam
846 1205 997 1256 fuisse
1033 1189 1203 1256 eorum
1239 1207 1512 1268 audaciam,
1552 1226 1613 1258 eo

198 1277 333 1342 quod
378 1292 551 1341 nempe
591 1275 1014 1339 jurisdictionem
1052 1275 1428 1340 Episcoporum,
1485 1277 1613 1327 reni-

197 1345 413 1394 tentibus
453 1345 739 1409 plerumque
782 1342 1054 1407 Episcopis,
1090 1343 1180 1393 sibi
1215 1355 1516 1409 arrogarent,
1553 1362 1613 1395 ac

195 1414 365 1462 altaria
388 1423 559 1462 contra
581 1413 752 1461 altaria
775 1413 1037 1476 erigerent.

267 1481 498 1530 Secunda
533 1496 679 1530 causa
711 1480 806 1529 fuit
838 1479 1139 1544 negligentia
1167 1496 1228 1529 ac
1268 1480 1456 1534 desidia
1491 1484 1613 1531 mul-

197 1560 355 1598 torum
384 1550 743 1614 Episcoporum
782 1548 865 1612 qui
889 1548 1036 1595 vitam
1065 1548 1122 1595 ‘in
1159 1548 1259 1597 otio
1294 1549 1611 1613 transigendo

198 1618 434 1683 quidquid
459 1618 601 1666 officii
625 1628 728 1665 erat
751 1615 800 1662 in
829 1615 1236 1732 Chorepiscogos,
1264 1633 1384 1680 quos
1410 1618 1612 1681 Episco-

196 1703 285 1750 pos
327 1686 632 1741 ordinabant,
668 1684 966 1746 rejiciebant.
1037 1683 1119 1732 Un
1159 1700 1186 1733 e
1221 1685 1429 1734 multum
1464 1686 1615 1736 dede-

198 1771 283 1803 cus
306 1754 352 1802 in
380 1755 710 1818 episcopatum
747 1752 1068 1800 redundabat.

272 1823 467 1882 Quaeres
501 1825 585 1873 70·
622 1820 818 1886 quinam
858 1821 908 1867 in
950 1836 1120 1869 eorum
1158 1821 1323 1870 locum
1364 1821 1614 1872 substituti

195 1891 328 1940 sint?

270 1961 333 2007 R.
367 1959 418 2004 in
461 1957 664 2006 Oriente
713 1956 984 2013 Exarchas‚
1020 1954 1068 2001 in
1113 1952 1390 2005 Occidente
1438 1959 1615 2007 Archi-

200 2026 429 2075 diaconos
467 2026 639 2074 saltem
676 2023 724 2070 in
762 2023 993 2088 plurimis.
1063 2023 1197 2071 Hinc
1237 2024 1285 2071 in
1323 2024 1612 2089 quibusdam

200 2093 434 2143 Ecclesiis
483 2092 872 2142 Archidiaconus
920 2092 1272 2157 Chorepiscopi
1312 2109 1490 2142 nomen
1537 2111 1615 2143 re-

202 2162 360 2218 tinuit,
397 2172 452 2212 ut
476 2170 611 2212 notat
637 2160 874 2210 Vitassius
899 2169 1017 2210 tom.
1044 2161 1089 2207 2.
1109 2160 1225 2210 edit.
1248 2161 1380 2210 51112.
1420 2179 1469 2227 p.
1494 2162 1612 2216 267.

1188 3036 1613 3089 TRACTATUS
