1846 3250
552 154 554 157 ¹
598 187 694 237 DE
718 186 1022 236 ORDINE.
1435 188 1532 233 159

124 312 355 390 ‹Sopor-um
378 322 719 372 Ordinationes
746 340 832 387 pro
852 323 965 371 ratis
983 320 1160 370 habitae
1183 321 1396 381 fuerunt,
1423 338 1530 385 quae

124 411 151 442 a
177 395 391 458 pluribus
420 392 671 455 Episcopis
694 408 789 438 non
814 391 1012 439 fueiunt
1035 391 1195 438 factae.

138 478 144 483 ·
198 463 268 511 1⁰·
307 462 448 508 Enim
487 459 680 507 difficile
717 458 811 507 fuit
853 470 907 506 ut.
950 459 1191 522 Apostoli,
1232 459 1314 523 qui
1352 456 1533 521 ubique

123 531 321 578 verbum
359 528 750 582 disseminabant,
789 527 1060 590 Episcopus
1097 527 1321 575 ordinare
1358 542 1536 574 consu-

126 608 338 655 everam,
376 613 567 661 semper
605 596 722 647 alios
765 595 1021 659 Episcopis
1067 595 1131 649 ad
1165 612 1352 667 sacram
1393 609 1537 643 caere·

126 667 331 713 moniam
356 664 444 713 sibi
471 666 812 728 adjungerent.

193 738 271 781 20·
311 735 368 784 In
414 733 630 780 Historia
672 730 1003 779 ecclesiastica
1029 732 1255 779 Clemens
1300 747 1328 778 a
1370 731 1539 787 Petm,

128 802 349 850 Anianus
374 818 402 849 a
422 802 595 848 Marco
621 800 889 848 consecrati
914 799 1061 853 fuisse
1087 799 1417 862 perhibentur,
1444 815 1537 847 nec

126 886 152 917 a
178 871 393 932 pluribus
421 869 677 933 Episcopis
701 867 906 916 ordinati
932 868 1175 915 dicuntur.

138 952 146 956 “
195 942 271 986 30·
309 938 648 986 Theodoretus
673 936 753 984 lib.
781 941 827 984 5.
854 935 984 984 Hist.
1003 952 1109 998 cap.
1130 937 1210 983 23.
1234 935 1383 983 refert
1411 934 1538 982 Eva-

126 1007 281 1069 grium
308 1006 455 1053 fuisse
491 1021 520 1052 a
556 1005 660 1052 solo
697 1004 901 1052 Paulino
935 1003 1231 1068 Episcopum
1260 1003 1538 1061 Antiochiae

126 1085 477 1122 consecratum.

143 1154 154 1161 “
194 1148 276 1189 40·
302 1143 360 1189 In
386 1140 658 1189 Pontificali
688 1141 908 1188 Romano
945 1148 993 1188 et
1021 1140 1070 1186 in
1096 1139 1305 1204 antiquis
1332 1139 1540 1188 Rituali-

129 1211 216 1258 bus
243 1209 492 1274 permultis
512 1226 636 1257 unus
662 1218 847 1257 tantum
874 1209 1147 1272 Episcopus
1173 1208 1351 1256 dicitur
1384 1225 1539 1257 conse-

129 1280 299 1335 crator,
319 1278 399 1325 alii
417 1294 532 1325 vero
556 1286 791 1325 vocantur
818 1277 1081 1325 assi3tentes
1105 1277 1180 1324 vel
1205 1285 1356 1325 testes.
1392 1276 1540 1325 Unde

130 1362 243 1394 vero
300 1345 629 1393 denominatio
672 1356 768 1392 tam
817 1345 1022 1402 diversa,
1075 1345 1116 1391 si
1161 1355 1260 1391 tres
1317 1343 1393 1391 vel
1442 1342 1540 1390 duo

131 1413 360 1476 Episcopi
387 1413 436 1459 in
461 1412 874 1460 consecrationem
900 1412 1176 1460 necessario
1202 1422 1250 1459 et
1286 1411 1540 1475 aequaliter

130 1482 375 1528 influunt?
1009 1501 1011 1503 >

200 1553 283 1597 50·
321 1547 504 1597 Nullibi
531 1547 575 1594 in
618 1547 877 1611 Scripturis
916 1548 1107 1611 legitur,
1144 1563 1237 1595 nec
1273 1564 1301 1595 a
1335 1547 1422 1595 SS.
1449 1546 1541 1595 Pa-

131 1617 283 1665 tribus
319 1633 524 1679 unquam
565 1616 749 1663 dictum
797 1626 869 1663 est
924 1616 1132 1680 plurium
1182 1615 1541 1679 Episcoporum

132 1684 445 1733 ministerium
502 1684 550 1730 in
610 1683 929 1732 Ordinatione
967 1684 1199 1749 Episcopi
1246 1683 1540 1732 necessitate

135 1752 432 1802 Sacramenti
468 1769 572 1801 esse
598 1751 894 1829 requisitum.
965 1752 1120 1816 Atqui
1145 1757 1307 1800 tamen
1340 1752 1378 1799 si
1403 1751 1542 1798 mini-

130 1823 328 1870 sterium
369 1821 489 1869 illud
527 1820 819 1868 necessitate
851 1819 1160 1868 Sacramenti
1195 1819 1541 1883 requireretur,

131 1891 217 1937 id
206 1907 251 1936 in
282 1888 542 1952 Scripturis
567 1889 678 1936 vel
667 1904 714 1933 m
737 1887 939 1951 Scriptis
968 1887 1055 1935 SS.
1082 1888 1280 1961 Parrum
1305 1896 1541 1951 perpetuo

134 1975 227 2003 non
265 1958 500 2004 sileretur.

148 2038 156 2043 ·
204 2024 514 2087 60·1psimet
563 2021 834 2070 Adversarii
875 2021 966 2071 sibi
991 2039 1086 2070 non
1113 2022 1424 2071 consentiunt
1464 2023 1547 2071 alii

138 2103 405 2139 asserentes
431 2085 797 2138 Ordinationem
824 2090 1053 2155 Episcopi
1089 2108 1185 2139 non
1219 2095 1359 2154 posse
1394 2090 1483 2138 nisi
1515 2109 1545 2140 a.

137 2161 287 2207 tribus
312 2158 467 2207 valide
492 2159 610 2215 fieri,
648 2159 726 2206 alii
751 2158 1083 2219 existimantes
1119 2160 1240 2208 duos
1273 2159 1549 2224 Episcopus¹

135 2229 197 2276 ad
223 2229 407 2275 hancce
434 2227 799 2274 Ordinationem
835 2227 1071 2275 sufficere.

204 2300 284 2341 7⁰·
321 2296 530 2344 Demum
556 2295 702 2342 iidem
729 2295 987 2360 Theologi3
1031 2307 1083 2344 ut
1115 2312 1223 2344 sese
1249 2295 1494 2344 extricent
1517 2312 1547 2343 a

139 2364 278 2411 variis
298 2363 542 2429 quaeipsis
578 2373 888 2428 opponuntur
925 2365 1237 2427 argumentis,
1274 2364 1376 2411 sine
1402 2363 1547 2411 ratio-

140 2449 202 2479 ne
228 2433 323 2479 ulla
347 2442 563 2480 asserunt
587 2448 650 2479 ex
687 2431 1046 2495 dispensatione
1091 2433 1140 2480 S.
1167 2431 1417 2479 Pontificis'
1440 2432 1548 2479 fieri

142 2515 282 2562 posse
308 2511 370 2546 ut·
395 2500 551 2547 valeat
578 2499 805 2563 Episcopi
845 2500 1147 2548 consecratio
1183 2501 1242 2546 ab
1286 2516 1380 2547 uno
1408 2500 1549 2564 Epis-

143 2581 266 2630 copo
301 2568 442 2615 facta.
513 2568 636 2615 Haee
660 2568 953 2631 dispensatio
994 2568 1142 2630 gratis
1166 2568 1226 2615 ab
1262 2566 1375 2631 ipsis
1400 2567 1551 2615 confi-

146 2646 226 2682 cta
254 2646 344 2690 est,
381 2635 618 2699 nullisque
647 2636 909 2699 Scripturae
945 2634 1228 2684 testimoniis
1265 2646 1349 2684 aut
1371 2635 1546 2684 veteri-

142 2703 573 2750 busmonumentis
596 2704 841 2752 fundatur.

213 2772 334 2823 Quae
382 2770 534 2817 solent
584 2772 724 2833 objici
770 2772 867 2820 SS.
895 2772 1093 2820 Patrum
1135 2771 1424 2828 testimonia,
1473 2771 1545 2819 fa-

146 2836 239 2884 cile.
274 2837 588 2899 explicantur,
623 2839 816 2905 hocque
855 2856 1003 2887 unum
1041 2840 1315 2904 significant
1341 2838 1550 2887 Ordina-

147 2905 302 2953 tiones
344 2904 692 2970 Episcoporum
728 2923 756 2983 a
801 2908 1107 2971 paucioribus
1148 2924 1291 2973 quam
1332 2922 1362 2955 a
1397 2906 1550 3019 tribus

816 2976 857 3023 P
1472 2989 1530 3020 ve
