1846 3250
599 186 695 235 DE
733 183 1228 258 MATRIMONIO.
1541 186 1641 236 225

238 324 416 375 Paulus
461 338 520 371 ea
564 321 837 385 improbare
883 321 1074 369 videtur
1113 337 1200 384 per
1245 319 1351 368 haec
1397 320 1547 377 verba
1595 323 1644 369 2.

235 396 348 443 Cor.
384 395 431 440 6.
488 389 648 439 Nolite
670 394 844 456 jugum
881 391 1044 438 ducere
1088 407 1186 437 cum
1229 387 1645 456 Irgfidelibus,.nisi

237 460 465 509 videlicet
495 458 708 521 ‘exigant
756 473 927 520 graves
977 456 1367 515 circumstantiae3
1405 466 1458 505 ut
1496 456 1644 506 inter-

235 536 489 594 pretantur
512 542 718 584 somnes,
755 524 1072 589 sequiturque
1123 542 1187 573 ex
1235 524 1339 573 aliis
1382 521 1651 590 Seripturae'

287 596 375 644 cis.
431 609 433 611 ’

235 599 286 645 lo
290 667 380 713 5⁰·
418 661 644 711 Ecclesia
688 677 819 709 nunc
866 660 1088 708 absolute
1134 661 1377 723 reprobat,
1415 661 1512 710 imo
1558 677 1649 727 pro

231 731 376 780 irritis
412 731 561 779 habet
598 747 656 779 ea
680 727 1009 786 Matrimonia,
1047 745 1158 775 cum
1201 726 1361 777 cultus
1394 729 1649 793 disparitas
1692 757 1699 763 ι

248 800 311 849 sit
355 798 752 864 impedimentum
790 796 1034 854 dirimens,
1071 806 1122 844 ut
1158 805 1329 860 postea
1363 797 1650 847 videbimus.

241 867 473 919 Dubitari
495 873 668 915 tamen'
683 875 846 931 potest
869 875 1029 913 utrum
1054 864 1103 910 in
1121 864 1248 912 omni
1274 880 1389 913 casu
1414 866 1506 914 ista
1521 867 1652 916 Con-

239 936 389 995 nubia
427 937 656 999 reprobet
706 933 946 982 Ecclesia.
1018 933 1128 981 Nec
1175 932 1301 980 enim
1337 933 1653 997 improbabile

240 1003 667 1054 est-Christianum
694 1002 776 1066 qui
800 1003 929 1049 solus
953 1001 1055 1048 fere
1080 1001 1355 1049 christianae
1380 1002 1652 1066 Religionis

237 1078 453 1120 sectator
493 1070 541 1117 in
568 1071 795 1134 Regione
836 1069 1019 1118 infideli
1063 1069 1348 1118 commorari
1383 1080 1651 1128 teneretur,

235 1156 379 1204 posse
413 1138 551 1187 licite
589 1155 794 1187 uxorem
837 1137 1083 1193 infidelem
1125 1137 1307 1187 ducere
1343 1147 1427 1186 aut
1451 1149 1653 1203 propter

242 1206 605 1256 incontinentiae
630 1207 916 1271 periculum,
953 1217 1035 1254 aut
1077 1217 1277 1271 propter
1318 1207 1449 1254 aliud
1474 1209 1653 1263 malum

242 1292 389 1340 grave
415 1273 473 1324 ac
512 1276 809 1333 diuturnum,
848 1273 1239 1339 quandoquidem
1282 1277 1370 1324 sub
1409 1285 1546 1323 tanto
1582 1275 1655 1322 in-

247 1344 503 1392 commodo
528 1359 623 1390 non
650 1344 865 1406 obligant
894 1343 1129 1391 Ecclesiae
1154 1343 1332 1406 Leges.

316 1411 616 1474 Missionarii
651 1411 782 1475 apud
820 1411 968 1457 Indos
1011 1420 1060 1459 et
1101 1410 1326 1459 Sinenses
1365 1410 1653 1476 impediunt,

248 1490 483 1545 quantum
508 1491 722 1543 possunt,
759 1495 853 1526 nec
893 1495 1064 1526 recens
1107 1479 1341 1536 conversi,
1380 1496 1488 1527 cum
1515 1480 1654 1528 adest

249 1547 571 1596 subversionis
611 1546 895 1610 periculum,
932 1547 1284 1594 matrimonium
1326 1564 1437 1595 curn
1475 1547 1655 1596 Infide·

243 1616 369 1664 libus
405 1615 707 1664 contrahant.
779 1615 830 1662 Si
857 1630 969 1661 vero
1007 1614 1155 1661 satius
1194 1614 1308 1677 ipsis
1332 1615 1540 1672 videtur,
1567 1616 1655 1675 mi-

250 1701 435 1747 nusque
480 1684 541 1731 sit
582 1682 871 1747 periculum,
922 1682 1101 1729 virtute
1148 1682 1402 1745 potestatis
1449 1699 1478 1731 a
1527 1684 1655 1732 Sede

243 1751 512 1816 apostolica
544 1762 762 1815 acceptae
797 1751 856 1798 ab
871 1749 1229 1828 impedimento
1266 1751 1522 1800 dirimente
1558 1752 1659 1802 dis-¹

247 1830 505 1886 pensantes
531 1836 588 1867 ea
614 1818 914 1868 matrimonia
938 1819 1246 1896 permittunt

313 1890 391 1936 6⁰·
428 1889 663 1936 Fatentui
703 1903 868 1933 omnes
921 1886 1276 1933 matrimonium
1326 1884 1507 1934 Fidelis
1542 1903 1657 1936 cum

247 1956 441 2004 Infideli
481 1971 725 2018 nunquam
769 1970 874 2001 esse
916 1954 1282 2001 Sacramentum
1318 1970 1381 2001 ex
1406 1965 1545 2018 parte
1577 1956 1658 2003 In-

246 2023 403 2071 fidelis
429 2039 538 2070 cum
566 2022 781 2069 Infidelis
819 2022 900 2068 ille
926 2038 1022 2069 non
1064 2021 1124 2069 sit
1153 2022 1450 2070 Sacramenti
1488 2039 1657 2087 capax.

251 2093 321 2139 At
346 2090 590 2154 disputant
617 2090 742 2138 inter
765 2107 817 2137 se
843 2090 1081 2152 Theologi
1114 2101 1272 2137 utrum
1299 2090 1666 2140 matrimonium·

246 2158 383 2216 illud,
420 2159 458 2205 si
500 2159 584 2206 fiat
610 2159 720 2206 cum
758 2158 1115 2221 dispensatione
1141 2158 1396 2216 Ecclesiae,
1433 2161 1658 2210 servatis-

249 2242 343 2290 que
386 2226 602 2290 Legibus
649 2225 991 2274 ecclesiasticis
1032 2243 1127 2274 non
1176 2244 1317 2275 secus
1364 2243 1423 2275 ac
1470 2229 1654 2291 patriis,

253 2294 553 2343 Sacramenti
575 2294 809 2342 rationem
836 2311 895 2342 ex
921 2304 1059 2357 parte
1087 2294 1264 2343 Fidelis
1288 2296 1481 2343 habeat.
1551 2298 1659 2346 Do·-

248 2362 452 2410 minicus
497 2363 630 2419 Soto‚
670 2362 973 2420 Caffiarinus,
1013 2363 1270 2411 Turnelius
1316 2363 1366 2411 id
1403 2363 1656 2416 affirmanti

251 2430 352 2479 Alii
379 2447 488 2478 cum
515 2431 800 2495 Vasquesio,
841 2431 1123 2485 Sanchesio,
1147 2442 1342 2494 negant.
1414 2432 1660 2482 Sententi-

250 2515 325 2545 am
352 2510 560 2546 nostram
597 2499 869 2562 aperiemus
906 2499 953 2545 in
993 2500 1303 2576 responsione
1344 2503 1568 2562 sequenti
1592 2503 1655 2551 ad

251 2566 564 2628 quaestionem
589 2566 791 2615 similem
834 2567 895 2614 de
919 2567 1222 2615 matrimonio
1250 2567 1654 2619 Orthodoxorum

257 2649 367 2681 cum
395 2634 669 2683 Haereticis.

325 2701 512 2757 Qu'oeres
537 2705 615 2750 90·
651 2702 765 2765 quid
803 2703 1107 2751 sentiendum
1150 2702 1212 2752 sit
1230 2703 1308 2757 „de
1351 2705 1655 2755 matrimonio

261 2768 654 2818 Orthodoxorum
681 2788 792 2819 cum
819 2771 1107 2819 Haereticis.
1097 2771 1120 2800 ⁹

321 2836 389 2883 R.
430 2840 498 2884 1⁰·
525 2837 617 2885 Illa
641 2839 956 2897 matrimonia,
993 2839 1083 2887 nisi
1120 2839 1413 2904 specialibus
1436 2842 1656 2892 locorum

252 2903 469 2967 Legibus
524 2904 785 2965 irritentur,
860 2907 909 2954 in
967 2908 1154 2957 ratione
1213 2918 1491 2967 contractus
1549 2928 1656 2961 esse

253 2971 426 3032 valida,
465 2983 517 3022 ut
541 2984 730 3028 constat
770 2985 871 3024 tum
911 2991 974 3025 ex
1018 2992 1253 3028 consensu
1292 2976 1503 3025 unanimi
1530 2979 1658 3030 The-

1354 3111 1360 3116 „
1404 3045 1656 3115 ologorum
