1846 3250
631 156 727 205 DE
767 152 1059 204 ORDINE.
1492 157 1559 203 43

197 298 260 346 R.
279 313 381 360 neg.
398 310 574 359 conseq.
611 290 842 346 Quamvis
859 290 984 339 enim
1002 289 1171 338 stricte
1189 290 1436 354 loquendo
1458 308 1545 354 per

131 366 279 413 solam
304 379 529 410 manuum
554 360 910 426 impositionem
932 364 1342 423 conjunctamque
1367 359 1546 407 oratio-

129 450 239 481 nem
265 431 543 480 conferatur
569 428 901 477 ordinationis
932 428 1317 484 Sacramentum,
1364 428 1545 491 impro-

127 501 232 565 prie
269 510 429 547 tamen
472 508 522 547 et
564 514 628 546 ex
666 497 876 560 quodam
915 496 1101 557 vulgari
1138 496 1367 557 loquendi
1409 513 1545 546 more

131 567 430 623 Sacramenti
455 567 523 614 vis
549 576 600 614 et
619 565 835 614 efficacia
862 564 1055 612 Ritibus
1081 565 1302 612 omnibus
1327 564 1545 630 aliquan-

128 637 192 685 do
217 636 457 692 tribuitur,
519 630 631 699 quia
654 633 686 680 ii
712 650 879 681 omnes
906 632 1048 680 Ritus
1081 633 1143 680 ad
1170 633 1541 682 Ordinationem

126 704 454 769 praeparatorii
479 713 608 760 sunt,
659 703 734 750 vel
760 701 1014 766 potestatis
1042 705 1142 761 jam
1170 701 1360 748 collatae
1387 702 1545 766 expli-

126 774 369 821 cationem
415 771 695 836 important.
765 770 912 823 Quod
958 770 1159 817 aliorum
1203 769 1542 818 Sacramento·

126 858 232 889 rum
259 841 486 904 exemplo
510 838 739 888 illustrari
762 838 905 887 facile
931 848 1114 902 posset,
1150 837 1240 885 nisi
1266 838 1462 902 planum
1483 855 1543 886 ac

124 909 269 957 facile
285 910 431 956 foret.

197 978 398 1042 Obj.40.
449 977 505 1024 In
532 974 805 1025 Pontificali
850 992 1049 1023 romano
1087 974 1318 1027 Pontifex
1345 974 1544 1024 tradens

125 1046 325 1093 cuilibet
348 1044 581 1092 initiando
608 1044 808 1092 calicem
827 1060 936 1091 cum
964 1045 1074 1091 vino
1100 1054 1149 1092 et
1175 1055 1399 1106 patenam
1428 1060 1542 1090 cum

124 1114 282 1162 hostia
300 1114 395 1162 ait:
423 1112 590 1178 Accipe
610 1120 878 1177 potestatem
903 1115 1066 1177 offerre
1090 1113 1380 1175 sacrficium.
1432 1110 1544 1160 Deo

126 1183 394 1248 Illissasque
433 1181 678 1230 celebrare.
749 1181 875 1228 Haec
901 1191 1064 1228 autem
1090 1181 1255 1236 verba,
1294 1196 1404 1226 cum
1431 1197 1546 1242 por-

124 1251 342 1298 rectione
369 1249 796 1297 instrumentorum
823 1254 1098 1310 conjuncta‚
1126 1247 1400 1310 significant
1427 1248 1543 1295 cha-

123 1330 360 1366 racterem
381 1317 733 1367 sacerdotalem
752 1333 840 1381 per
865 1317 1100 1380 eJusmodi
1120 1318 1288 1365 Ritum
1318 1315 1544 1364 conferri.

128 1385 278 1448 Ergo,
316 1390 405 1433 &c-

194 1456 255 1502 R.
293 1454 385 1501 His
409 1451 582 1508 verbis,
609 1453 763 1517 accipe
777 1459 1054 1517 potestatem
1079 1454 1259 1516 offerre,
1299 1469 1406 1515 quae
1431 1468 1545 1515 pro-

124 1521 218 1570 fert
246 1521 519 1585 Episcopus
545 1520 782 1568 tradendo
809 1520 1027 1576 calicem,
1065 1536 1161 1566 non
1206 1521 1416 1567 conferri
1450 1537 1539 1583 po-

123 1600 351 1637 testatem
375 1588 746 1647 sacerdotalem,
793 1588 880 1635 sed
905 1588 1065 1635 datam
1107 1588 1385 1650 significari.
1458 1588 1542 1636 Sic

121 1657 172 1703 in
223 1658 432 1706 omnium
479 1656 720 1705 sententia
758 1656 1049 1720 Praesbyter,
1087 1656 1202 1703 dum
1245 1656 1538 1719 Episcopus,

126 1725 354 1790 ungendo
381 1742 509 1782 eum,
546 1724 733 1788 profert
768 1724 875 1772 haec
898 1725 1062 1779 verba,
1097 1742 1183 1789 per
1216 1725 1353 1773 istam
1389 1726 1540 1773 uncti·

126 1812 254 1841 onem
296 1802 340 1842 et
377 1801 581 1842 nostram
618 1793 971 1841 benedictionem
1007 1809 1297 1858 quoecumque
1332 1793 1545 1841 benedix-

123 1869 246 1910 erint
285 1880 445 1910 manus
491 1861 607 1918 istae,
645 1861 985 1917 benedicantur,
1021 1868 1066 1907 et
1113 1877 1402 1926 quaecamque
1437 1878 1542 1909 con·

125 1931 422 1982 sacraverint,
477 1937 813 1985 consecrentur,
852 1944 950 1974 non
1008 1927 1187 1991 accipit
1246 1938 1543 1992 potestatem

122 1997 445 2057 benedicendi
471 1994 539 2045 et*
561 1996 894 2054 consecrandi,
932 1996 1043 2060 quia
1077 2006 1292 2059 potestas
1339 1995 1542 2045 benedi-a

124 2063 270 2112 cendi
313 2076 362 2113 et
398 2063 716 2112 consecrandi
756 2080 866 2127 pars
903 2077 977 2111 est
1012 2064 1266 2128 potestatis
1312 2064 1542 2112 sacerdo-

123 2119 231 2180 tglis
284 2149 392 2196 quae
445 2132 692 2191 unctione,
740 2132 1006 2181 fatentibus
1055 2132 1294 2193 omnibus,
1343 2132 1541 2181 minime

126 2199 391 2248 confertur.

192 2269 313 2316 Inst.
384 2267 614 2331 Ejusdem
653 2266 950 2317 Pontificalis
998 2268 1181 2316 romani
1230 2268 1425 2318 rubrica
1471 2267 1542 2317 sic

128 2337 304 2385 habet:
343 2338 542 2385 Maneat
565 2336 820 2402 Episcopus
834 2337 1118 2386 ordinandas
1143 2345 1191 2385 ut
1217 2339 1545 2396 instrumenta,

126 2406 174 2454 in
199 2405 361 2471 quibus
385 2405 623 2465 character
645 2405 943 2471 imprimitur,
985 2414 1201 2470 tangant.

192 2474 256 2521 R.
288 2477 361 2520 10.
396 2472 635 2520 rubricam
662 2471 787 2519 hanc
812 2488 905 2521 nec
940 2472 1189 2537 antiquam
1224 2489 1319 2522 nec
1353 2471 1545 2521 univer·

125 2540 273 2588 salem
299 2556 422 2598 esse,
457 2539 546 2597 sed
569 2556 598 2588 a
631 2539 819 2604 privato
845 2541 1057 2604 quodam
1090 2541 1238 2589 fuisse
1264 2540 1542 2590 Pontificali-

128 2607 370 2674 insertam.
442 2609 589 2670 Certe
613 2608 661 2655 in
686 2609 893 2671 vulgatis
913 2608 1208 2665 editionibus
1233 2626 1330 2657 non
1349 2619 1544 2667 exstat;

129 2674 179 2720 in
213 2674 561 2741 antiquioribus
584 2693 698 2724 vero
725 2676 1019 2742 Praesbyteri
1058 2686 1395 2741 sup-ponuntur
1428 2693 1547 2725 con-

132 2743 324 2801 secrati,
352 2760 463 2792 cum
487 2744 593 2792 haec
615 2744 935 2804 instrumenta
958 2755 1183 2810 tangunt.
1253 2745 1380 2794 Vide
1405 2746 1544 2795 Mar-

133 2809 316 2858 tenium
342 2826 449 2874 cap.
475 2816 522 2860 8.
557 2821 645 2860 art.
672 2813 720 2860 9.
753 2828 803 2860 n.
831 2816 907 2861 16.
967 2866 971 2870 ,

202 2879 263 2926 R.
289 2879 367 2924 20·
403 2878 564 2942 Electi
587 2879 754 2943 tandiu
790 2890 1053 2941 censentur
1083 2882 1352 2939 ordinandi,
1391 2896 1542 2945 quan-

136 2944 218 3000 diu
262 2945 392 2995 circa
433 2962 533 3010 eos*
557 2947 786 3013 completi
821 2958 1068 3010 neon-sunt·
1092 2949 1423 3007 Ordinationis
1459 2947 1549 2998 Ri-

807 3016 848 3066 E
876 3020 906 3066 3
1470 3024 1547 3064 tus
