1846 3250
290 161 355 208 46
787 157 1214 209 TRACTATUS

287 292 453 341 culum
495 289 688 341 videtur
722 292 962 351 actionem
1000 312 1098 360 qua
1151 294 1465 360 porriguntur
1524 297 1735 349 instru-¹

283 372 463 419 menta,
523 360 716 408 nomine
774 361 1092 426 impositionis
1151 380 1379 412 manuum
1436 367 1701 430 appellare.

281 431 364 476 30·
391 429 533 488 Quia,
560 444 688 485 cum,
710 446 773 478 ex
800 430 959 489 dictis,
996 432 1425 490 instrumentorum
1450 437 1694 497 porrectio

278 496 585 546 Ordinationi
642 496 704 545 sit
760 498 1106 557 accidentaria,
1166 499 1385 564 sequitur
1448 504 1692 553 actionem

276 580 373 628 qua
395 566 708 630 porriguntur
732 565 1051 616 instrumenta
1076 585 1171 616 non
1198 585 1303 617 earn
1330 586 1435 622 esse
1459 587 1689 621 manuum

272 633 630 697 impositionem
672 651 782 698 quae
815 635 877 683 sit
915 636 1112 685 Ordinis
1161 638 1479 687 Sacramento
1526 656 1688 690 essen-

270 699 413 749 tialis.
1627 749 1630 753 .

335 772 401 819 R.
436 772 517 818 20·
553 769 793 836 triplicem
832 774 975 820 aliam
1014 771 1061 819 in
1088 773 1409 822 ordinatione
1450 774 1683 840 distingui

262 853 406 901 posse
448 854 676 896 manuum
712 840 1085 904 impositionem.
1157 842 1319 890 Prima
1361 843 1411 890 fit
1437 845 1497 891 ab
1542 844 1678 909 Epis-

262 922 389 971 copo
413 907 611 964 silente,
674 909 902 957 Secunda
927 911 986 957 ab
1024 909 1196 957 eodem
1233 910 1304 968 fit,
1340 910 1429 959 sed
1463 912 1566 960 sine
1602 929 1679 961 or-

259 972 580 1033 dinandorum
627 987 877 1035 contactu,
914 978 1059 1042 eique
1106 994 1334 1026 manuum
1381 979 1677 1043 impositioni

255 1043 535 1107 adjungitur
572 1045 742 1093 oratio.
816 1045 983 1094 Tertia
1023 1046 1077 1093 fit
1118 1056 1226 1110 post
1270 1047 1673 1097 Communionem

253 1122 301 1159 et
346 1128 432 1175 per
472 1124 752 1171 contactum
803 1113 989 1178 capitis,
1029 1130 1138 1161 cum
1184 1114 1256 1162 his
1304 1115 1479 1173 verbis,
1515 1118 1671 1179 accipe

255 1181 481 1240 Spiritum
509 1184 744 1240 Sanctum,
782 1181 862 1237 ὅγε.
902 1182 1106 1240 Rectius
1144 1182 1269 1231 forte
1294 1182 1559 1246 loquuntur
1584 1185 1667 1249 qui

249 1247 494 1311 duplicem
544 1259 731 1298 tantum
780 1250 1103 1314 distinguunt,
1142 1267 1252 1298 cum
1311 1252 1529 1300 secunda
1570 1270 1667 1301 non

246 1315 339 1386 nisi¹
359 1316 530 1380 prioris
555 1317 777 1367 videatur
801 1335 907 1367 esse
944 1319 1262 1378 continuatio,
1301 1330 1355 1367 ut
1389 1317 1554 1371 videre
1591 1333 1665 1370 est

245 1385 377 1449 apud
403 1385 720 1443 Mart-eninm.

309 1454 372 1502 R.
401 1455 479 1501 30·
516 1465 809 1518 postremam
834 1471 930 1501 non
957 1471 1063 1503 esse
1087 1453 1412 1511 essentialem,
1454 1459 1523 1503 10.
1550 1457 1661 1520 quia

239 1536 336 1568 non
363 1531 436 1569 est
455 1522 584 1586 apud
613 1523 889 1570 Orientales
915 1523 1105 1570 usitata.
1143 1526 1222 1569 20·
1248 1523 1375 1576 Quia
1399 1539 1490 1570 nec
1525 1526 1656 1588 apud

237 1588 439 1638 Latinos
475 1606 669 1653 semper
710 1590 801 1637 fuit
841 1590 888 1636 in
926 1608 1030 1638 usu.
1103 1590 1212 1638 Nec
1247 1589 1373 1637 enim
1410 1590 1457 1637 in
1497 1592 1654 1641 Libris

234 1655 504 1714 ritualibus,
541 1674 633 1706 nec
658 1657 705 1704 in
734 1657 981 1719 Conciliis,
1018 1674 1111 1706 nec
1147 1657 1195 1704 in
1241 1658 1441 1720 Scriptis
1482 1675 1651 1709 eorum

239 1725 319 1785 qui
361 1725 422 1773 de
465 1725 635 1773 divinis
675 1726 857 1773 Officiis
892 1737 942 1773 et
979 1726 1377 1774 Ordinationibus
1414 1726 1653 1777 disserue-

219 1803 362 1850 srunt‚
400 1793 548 1841 ullum
574 1793 700 1841 illius
738 1794 990 1857 vestigium
1016 1794 1274 1841 invenitur.

297 1862 360 1910 R.
387 1865 467 1908 40·
502 1861 722 1925 primam,
748 1862 785 1909 si
812 1878 839 1910 a
874 1862 1090 1909 secunda
1121 1861 1379 1919 dividatur,
1416 1879 1512 1909 non
1539 1879 1645 1912 esse

229 1930 554 1987 essentialem,
596 1934 671 1977 10.
708 1931 820 1994 quia
858 1930 1094 1977 Ecclesiis
1130 1930 1442 1978 orientalibus
1479 1931 1647 1994 ignota

227 2008 317 2045 est.
355 1999 433 2045 20.
472 1997 598 2051 Quia
623 2014 715 2045 nec
752 1998 800 2044 in
836 1998 1045 2061 antiquis
1090 1997 1342 2047 ritualibus
1367 1998 1526 2047 Libris
1550 2015 1643 2049 nec

227 2064 330 2113 aliis
360 2065 561 2129 Scriptis
586 2065 796 2130 antiquis
821 2077 1089 2129 comparet.

293 2134 356 2180 R.
394 2133 561 2196 itaque
595 2134 746 2181 solam
785 2134 1050 2181 secundam
1088 2133 1395 2182 essentialem
1432 2150 1553 2190 esse,
1591 2147 1642 2184 et

223 2201 425 2263 primam
450 2201 487 2249 si
515 2211 567 2248 ut
591 2201 819 2250 secundae
843 2200 1029 2248 initium
1066 2211 1345 2265 spectetur:
1384 2201 1513 2265 quod
1539 2203 1638 2264 qui-

223 2268 351 2329 dem,
390 2285 452 2318 ex
479 2268 639 2328 dictis,
676 2268 933 2317 manifeste
958 2268 1287 2332 consequitur.

613 2404 849 2455 CAPUT
891 2403 1245 2458 QUINTUM.

232 2514 235 2518 -
305 2542 384 2589 De
410 2543 613 2590 Auctore
635 2558 714 2590 seu
739 2541 1014 2589 Institutore
1041 2538 1328 2588 Sacramentz·
1353 2539 1559 2590 Ordinis.

287 2676 430 2732 CUM,
466 2691 532 2723 ex
557 2685 702 2724 antea
725 2674 884 2733 dictis,
922 2673 1040 2723 Fide
1075 2682 1262 2722 certum
1298 2672 1360 2721 sit
1386 2674 1633 2724 Ordinati-

220 2759 363 2792 onem
399 2759 505 2791 esse
533 2743 917 2796 Sacramentum,
953 2741 1066 2788 inde
1090 2740 1254 2803 colligi
1279 2753 1441 2804 potest
1467 2743 1631 2793 Chris-

218 2822 321 2858 tum
357 2826 463 2860 esse
503 2809 631 2858 illius
664 2810 1034 2858 Institutorem:
1070 2808 1462 2872 quandoquidem
1499 2812 1629 2859 solus

219 2879 361 2927 Deus
398 2886 559 2942 potest
608 2879 972 2927 Sacramentum
1014 2876 1281 2934 instituere,
1316 2894 1400 2926 seu
1443 2878 1626 2926 Gratiae

215 2938 559 2996 sanctificantis
593 2944 922 3011 producendae
947 2943 1040 2993 vim
1064 2946 1208 2994 rebus
1232 2945 1533 3061 sensibilibus
1558 2945 1624 2992 al-

1478 3028 1623 3077 igare.
