1846 3250
304 186 398 231 156
805 182 1231 234 TRACTATUS

300 377 328 441 ξ
355 379 397 424 2.
424 375 505 424 De
529 376 832 454 Episcopatzfs
855 386 1042 436 natura,
1070 379 1279 438 materia,
1295 381 1480 444 firma,
1505 379 1702 429 existen-

715 454 831 495 stm
866 455 912 495 et
944 448 1223 496 necessitate.

368 594 441 638 10·
501 590 822 656 Episcopatus
863 592 1093 641 definitur
1132 592 1267 641 Ordo
1305 606 1555 657 supremus
1603 606 1703 654 quo

297 659 439 707 datur
478 660 780 723 Praesbytero
816 671 1032 725 potestas
1068 660 1350 710 conferendi
1390 661 1704 709 Sacramenta

298 727 703 785 Confirmationis,
757 738 806 776 et
844 728 1040 776 Ordinis
1080 727 1379 793 regendique
1426 723 1700 776 Ecclesiam

294 795 385 844 sibi
423 796 740 848 commissam,
775 795 826 844 id
863 807 954 852 est,
991 797 1187 845 Clerum
1228 807 1276 844 et
1320 796 1536 844 Plebem.
1606 793 1702 840 His

291 864 450 912 verbis
491 863 776 926 exprimitur
823 863 1003 928 duplex
1057 864 1409 928 Episcoporum
1465 872 1700 926 potestas,

292 931 523 981 videlicet
549 932 744 979 Ordinis
779 949 875 996 qua
903 933 1190 998 Neophytos
1215 933 1500 979 confirmant
1525 940 1573 978 et
1602 929 1704 976 *Ec-

297 999 458 1048 clesiae
483 999 734 1047 Ministros
770 1000 1010 1059 ordinant,
1046 1012 1096 1049 et
1111 999 1460 1063 jurisdictionis
1486 1013 1583 1063 qua
1605 997 1699 1046 Po-

291 1068 459 1132 pulum
485 1066 575 1115 sibi
608 1068 914 1116 commissum
939 1078 1134 1131 regunt.

361 1139 435 1184 20·
470 1135 817 1200 Episcopaturn
841 1152 952 1185 esse
972 1152 1137 1184 verum
1164 1134 1397 1184 Ordinem
1422 1150 1481 1182 ac
1504 1131 1699 1198 proprie

291 1202 477 1252 dictum
527 1204 911 1263 Sacramentum,
951 1203 1001 1250 in
1047 1203 1204 1269 primu
1250 1196 1399 1266 hujus⁴
1440 1202 1702 1250 Tractatus

292 1282 430 1334 parte
454 1271 767 1328 ostendimuS‚
804 1282 855 1320 et
889 1273 1136 1337 quomodo
1163 1282 1211 1319 et
1248 1288 1343 1337 quo
1377 1285 1522 1318 sensu
1544 1268 1593 1317 id
1625 1267 1699 1315 in-

291 1339 611 1404 telligendum
637 1340 697 1388 sit
721 1339 899 1388 ibidem
925 1340 1253 1404 exposuimus.

359 1412 438 1457 30·
459 1408 689 1472 Sequitur
724 1424 788 1456 ex
824 1407 966 1456 dictis
1000 1408 1180 1456 ibidem
1204 1406 1512 1471 episcopatus
1542 1415 1698 1453 mate-

293 1475 412 1525 riam
451 1476 500 1524 in
542 1478 645 1525 sola
683 1476 988 1540 impositione
1013 1492 1183 1525 manus
1214 1491 1319 1524 esse
1342 1475 1563 1539 positam,
1598 1472 1701 1520 for-

289 1560 415 1593 mam
441 1560 555 1592 vero
573 1544 622 1591 in
647 1544 863 1593 oratione
889 1543 1312 1609 correspondente.
1362 1544 1698 1604 Quaecumque

291 1613 418 1660 enim
444 1628 550 1675 cap.
574 1616 622 1660 4.
646 1628 839 1676 propos.
864 1617 910 1660 3.
930 1623 980 1660 et
1004 1616 1058 1659 4·-
1076 1611 1392 1659 delibavimus
1411 1618 1701 1673 argumenta

291 1689 344 1726 ut
368 1679 699 1728 evinceremus
723 1696 819 1726 non
843 1679 892 1726 in
916 1680 1342 1729 instrumentorum
1369 1677 1698 1742 porrectione,

289 1748 378 1796 sed
402 1748 451 1794 in
475 1748 577 1795 sola
611 1763 838 1795 manuum
875 1745 1180 1810 impositione
1217 1747 1464 1794 materiam
1491 1744 1699 1813 Ordina-

288 1815 431 1864 tionis
457 1831 562 1864 esse
584 1814 861 1880 repositam,
897 1815 957 1863 ad
978 1824 1076 1862 tres
1102 1813 1311 1862 Ordines
1352 1812 1697 1868 hierarchicos,

285 1883 516 1936 videlicet
557 1882 885 1940 diaconatum,
919 1884 1319 1948 praesbyteratum
1365 1890 1415 1929 et
1465 1878 1696 1944 imprimis

289 1952 624 2017 episcopatum
649 1950 938 2000 reseruntur.
1012 1986 1016 1991 -
1364 1980 1366 1982 -
1531 1966 1532 1969 ¹

356 2024 435 2068 40·
475 2019 744 2084 Episcopos
769 2035 797 2067 a
831 2018 1127 2083 temporibus
1159 2017 1500 2081 Apostolorum
1525 2015 1572 2062 in
1599 2014 1698 2062 Ec·

288 2088 437 2136 clesia
459 2104 650 2150 semper
673 2086 925 2137 exstitisse]
954 2102 1097 2134 nemo
1138 2086 1334 2149 negavit
1359 2100 1585 2148 unquam,
1624 2081 1695 2129 id-

287 2172 383 2219 que
408 2164 601 2204 constat
624 2171 688 2203 ex
709 2154 938 2218 Epistolis
965 2154 1014 2202 S.
1040 2154 1175 2202 Pauli
1202 2164 1251 2202 et
1269 2164 1486 2202 veterum
1523 2150 1698 2199 Eccle-

287 2224 465 2271 siarum
489 2222 770 2286 originibus,
806 2238 853 2269 v.
881 2238 929 2285 g.
957 2222 1203 2278 Romanae,
1240 2219 1576 2275 Antiochenae,
1612 2218 1698 2266 Je-

287 2290 657 2356 rosolymitanae‚
695 2291 895 2353 quarum
935 2290 996 2336 ab
1037 2299 1181 2336 aetate
1218 2287 1565 2351 Apostolorum
1601 2284 1698 2331 sin·

288 2361 428 2423 gulos
454 2357 712 2407 Antistites
753 2357 988 2405 exhibent
1010 2357 1147 2404 nobis
1175 2354 1401 2403 Historiae
1442 2351 1696 2402 ecclesias·
1753 2369 1764 2375 “

288 2428 399 2476 ticae
423 2436 748 2475 monumenta.
817 2426 1020 2474 Constat
1054 2423 1222 2471 iisdem
1247 2421 1570 2470 monumentis
1594 2421 1699 2467 nul-

288 2496 382 2543 lam
410 2497 621 2546 Gentem
657 2493 963 2542 chrIStianam
989 2507 1197 2555 unquam
1220 2489 1385 2548 fuisse,
1422 2505 1530 2553 quae
1556 2487 1699 2552 Epis-

289 2578 524 2627 coporum
549 2561 768 2626 regimini
791 2563 1011 2624 subjecta
1032 2575 1129 2607 non
1149 2556 1312 2607 fuerit.

339 2635 437 2681 .50·
475 2632 533 2678 In
557 2630 779 2678 confesso
804 2641 877 2676 est
900 2626 1032 2692 apud
1054 2642 1237 2682 omnes,
1260 2642 1355 2673 non
1376 2625 1528 2672 solum
1555 2623 1698 2688 Epis-

290 2707 445 2763 copos‘
477 2713 505 2745 a
542 2708 760 2761 tempore
788 2696 1135 2759 Apostolorum
1168 2694 1217 2740 in
1249 2692 1473 2742 Ecclesia
1505 2705 1697 2756 semper

290 2765 526 2821 extitisse,
559 2764 646 2813 sed
682 2765 877 2827 insuper
912 2778 995 2811 eos
1037 2761 1302 2826 generatim
1329 2760 1566 2809 Ecclesiae
1590 2774 1695 2807 esse

291 2832 604 2888 necessarios,
639 2832 763 2880 adeo
804 2842 858 2878 ut
897 2830 980 2877 illa
1002 2829 1104 2877 sine
1136 2829 1204 2877 eis
1241 2840 1368 2877 stare
1409 2843 1504 2875 non
1529 2826 1692 2890 possit.

292 2903 421 2951 Nam
448 2900 672 2965 Spiritus
691 2901 903 2954 Sanctus,
938 2908 1032 2945 act.
1057 2900 1137 2945 20.
1168 2898 1320 2961 posuit
1355 2891 1602 2964 Episcopos
1624 2909 1696 2940 re-

286 2988 400 3038 gere
422 2966 671 3019 Ecclesiam
697 2966 808 3015 Dei.
878 2964 1035 3030 Igitur
1060 2964 1282 3015 Ecclesia
1307 2980 1413 3028 quae
1439 2977 1531 3009 non
1556 2975 1695 3022 rege-

393 3058 396 3062 ·
1562 3038 1698 3074 retur
