1846 3250
221 118 286 168 78
716 119 1143 168 TRACTATUS

663 280 666 281 ν
693 253 884 303 Titulus
917 255 1165 303 clericalis.

245 387 583 458 Requiritur
599 388 780 448 titulus.
854 380 1005 439 Porro
1041 390 1209 440 titulus
1251 370 1636 439 ecclesisasticus

223 468 295 506 est
344 454 583 525 quaedam
612 460 726 507 boni
773 458 1096 508 ecclesiastici
1154 460 1228 509 vel
1285 460 1636 523 patrimonialis

223 526 480 604 quantitas,
509 543 615 595 qua
650 521 872 592 Clericus
908 528 1159 591 honestam
1201 529 1380 576 habeat
1412 528 1462 575 in
1503 528 1638 575 victu

224 605 274 641 et
299 592 474 662 vestitu
500 596 921 661 sustentationem
974 597 1066 644 Ea
1102 596 1195 645 fuit
1222 596 1460 645 Ecclesiae
1495 597 1638 643 disci-

221 663 354 726 plina
392 658 491 740 per
535 658 795 712 duodecim
843 664 996 728 prima
1041 654 1234 722 saecula,
1272 677 1325 714 nt
1373 654 1639 722 Ordinibus

221 747 365 778 nemo
390 729 659 781 initiaretur
693 731 796 781 sine
820 733 984 798 aliquo
1010 733 1266 790 beneficio,
1303 744 1353 782 et
1378 733 1466 780 nisi
1492 731 1638 780 alicui

222 797 533 848 addiceretur
575 801 823 859 Ecclesiae,
869 802 945 849 vel
970 802 1111 849 alicui
1149 801 1412 850 ministerio
1438 800 1638 852 ecclesi-

222 862 391 924 astico,
415 885 491 924 >ex
532 874 671 931 cujus
709 871 1022 933 proventibus
1063 871 1138 918 vel
1179 862 1508 934 oblationibus
1536 885 1640 916 sus·

221 945 528 1003 tentaretur,
546 948 599 985 ut
624 949 814 986 constat
851 956 915 986 ex
955 940 1154 1006 Synodo
1188 928 1403 1003 generali
1431 938 1639 989 Chalce-

221 1005 334 1051 don.
360 1020 466 1066 can.
491 992 538 1054 6.
575 1017 624 1054 et
645 1000 805 1054 multis
829 1006 933 1070 aliis
961 998 1190 1055 Conciliis
1213 1006 1640 1071 subsequentibus.
1648 1007 1651 1009 ’

220 1073 349 1120 Haec
373 1068 537 1121 autem
564 1074 801 1140 Ecclesiae
818 1075 983 1138 praxis
1007 1092 1173 1124 versus
1196 1074 1341 1122 finem
1374 1079 1447 1124 12.
1472 1074 1638 1122 saeculi

220 1136 408 1189 mutata
432 1153 522 1201 est,
549 1159 771 1205 ususque
785 1143 1014 1207 deinceps
1033 1143 1236 1203 invaluit
1263 1144 1481 1192 Clericos
1508 1141 1638 1189 ordi-

220 1209 368 1257 nandi
416 1211 491 1258 vel
538 1213 628 1261 sub
676 1212 819 1259 titulo
861 1212 1197 1261 ecclesiastico
1243 1212 1320 1260 vel
1357 1213 1446 1261 sub
1492 1197 1639 1270 titulo

220 1278 560 1342 patrimoniali.

289 1346 480 1394 Novam
532 1348 722 1396 hancce
769 1347 1072 1412 disciplinam
1131 1348 1435 1397 confirmavit
1467 1333 1639 1398 Cone.

223 1414 358 1462 Trid.
383 1431 500 1464 sess.
525 1418 606 1464 21.
624 1433 731 1481 cap.
751 1418 797 1464 2.
822 1416 884 1463 de
907 1416 1124 1465 Refmm.
1150 1418 1314 1479 Reges
1337 1414 1638 1465 nostriidem

220 1494 513 1533 statuerunt.
552 1484 634 1533 Sic
672 1485 819 1533 habet
863 1486 1111 1533 Statutum
1155 1485 1509 1532 Aurelianense
1549 1494 1642 1530 art.

223 1554 301 1599 12.
336 1550 614 1616 Defendens
653 1569 685 1599 a
707 1561 812 1600 tous
835 1545 1031 1600 Prelats
1054 1555 1111 1600 de
1140 1554 1454 1615 promouvoz'r
1476 1568 1639 1598 aucun

218 1636 251 1666 a
275 1618 310 1666 l’
323 1619 478 1667 ordre
500 1621 557 1667 de
568 1623 789 1684 pretrz'se,
816 1637 882 1683 qu
884 1620 938 1666 ’il
957 1637 990 1667 n
994 1622 1079 1667 ’ait
1099 1637 1167 1667 zm
1191 1620 1296 1667 bien
1318 1620 1566 1683 temporel,
1575 1636 1636 1666 oa

219 1686 416 1751 benefice
445 1705 578 1751 pour
610 1705 658 1735 se
679 1690 880 1735 now-riv·
915 1696 959 1735 et
989 1691 1253 1745 entretenir‚
1289 1688 1442 1751 lequel
1460 1703 1635 1734 revenu

218 1756 443 1817 temporel
462 1772 567 1803 sera
591 1757 765 1819 certfie
787 1772 900 1803 sans
917 1756 1118 1820 fraude,
1146 1757 1423 1819 pardevanc
1445 1756 1485 1802 le
1508 1756 1638 1816 ἄειρε

220 1824 479 1881 ordinaire,
513 1825 571 1871 de
605 1824 654 1871 la
677 1824 844 1886 valam·
877 1825 934 1871 de
967 1827 1221 1887 cinquante
1259 1824 1400 1882 liv-res
1419 1824 1638 1870 toarnois

211 1908 313 1956 par
346 1908 429 1953 an,
455 1909 523 1939 au
546 1894 711 1950 moins,
739 1909 841 1956 par
863 1900 1032 1955 quatre
1055 1893 1297 1954 bouryeois
1331 1909 1394 1939 ou
1417 1891 1639 1937 habitans

219 1962 288 2008 du
323 1960 431 2016 lieu,
467 1960 709 2018 solvables,
742 1962 831 2024 qui
854 1969 1012 2008 serant
1048 1969 1181 2022 tenus
1189 1959 1405 2024 fournir
1437 1968 1482 2006 et
1501 1959 1638 2022 faire

220 2028 377 2074 valoir
399 2028 449 2074 la
471 2029 567 2075 dete
589 2045 773 2076 somme.
803 2034 909 2076 Art.
934 2032 1009 2075 15.
1081 2018 1319 2076 Statuitur
1336 2027 1636 2092 Episcopum

222 2096 299 2158 qui
346 2095 473 2155 hanc
508 2088 725 2160 regulam
769 2097 1039 2159 infregerit,
1076 2096 1229 2145 teneri
1278 2097 1635 2159 Praesbyterum

219 2164 323 2211 sine
344 2164 655 2226 patrimonio?
680 2158 956 2217 ordinatum
984 2174 1278 2227 sustentare,
1318 2163 1476 2211 donce
1501 2179 1636 2210 com-

218 2241 392 2296 petens
428 2232 476 2288 ei
513 2230 1125 2294 beneficium-contulerit:
1162 2232 1293 2295 quod
1319 2231 1513 2295 quidem
1539 2230 1637 2287 Le-

219 2300 636 2363 gibusdEclclesiae
673 2311 1055 2361 consentaneum
1109 2310 1199 2347 est.
1251 2300 1519 2353 ⁴Quantum
1567 2297 1630 2343 ad

218 2360 432 2416 valorem
460 2368 732 2433 patrimonii
750 2369 812 2417 ad
836 2384 999 2416 sacros
1016 2367 1226 2416 Ordines
1244 2365 1480 2429 requisiti,
1505 2364 1635 2411 idern

219 2453 316 2483 non
345 2448 418 2484 est
441 2438 489 2484 in
525 2437 666 2485 variis
691 2437 1018 2494 Dioecesibus,
1059 2434 1294 2496 Standum
1318 2444 1393 2482 est
1415 2434 1635 2481 loeorum

223 2505 563 2567 consuetudini
588 2514 671 2561 aut
697 2504 1002 2553 Dioecesanis
1028 2502 1248 2552 Statutis.

292 2572 371 2618 Ex
397 2572 468 2621 his
494 2584 630 2638 patet
663 2562 908 2641 duplicem
949 2579 1054 2619 esse
1091 2571 1301 2628 titulum,
1338 2569 1548 2633 beneficii
1595 2576 1639 2617 et

214 2624 518 2703 patrimomz,
554 2641 657 2689 sine
694 2658 792 2705 quo
834 2636 1012 2690 Clerici
1051 2639 1312 2687 saeculares
1340 2638 1410 2685 ad
1444 2635 1638 2685 subdia-

204 2717 452 2767 ¹conatum
488 2724 583 2755 non
622 2719 735 2771 sunt
769 2707 1098 2772 promovendi,
1135 2706 1224 2754 nisi
1248 2707 1311 2753 ob
1346 2704 1513 2753 eorum
1545 2705 1636 2752 vir·

223 2784 393 2837 tutes,
405 2775 674 2836 scientiam,
711 2786 762 2824 et
797 2776 1031 2823 Ecclesiae
1067 2774 1333 2837 utilitatem
1360 2773 1641 2837 Episcopus

222 2844 360 2891 aliter
375 2834 697 2905 judicaverit:
747 2829 870 2891 alter
895 2833 1234 2906 pauperitatis,
1278 2841 1360 2905 qui
1399 2839 1638 2904 competit

223 2911 482 2976 Religiosis
508 2911 588 2976 qui
612 2911 846 2995 solemnia
881 2910 1180 2976 paupertatis
1219 2920 1332 2958 vota
1356 2909 1637 3019 εηιίεεωῧι

423 3007 426 3013 .
1607 2981 1626 3018 t
