1846 3250
220 150 318 213 286
719 161 1151 213 TRACTATUS

597 358 833 408 CAPUT
884 360 1261 437 QUARTUM.

275 498 357 547 De
380 496 721 546 conditionibus
751 499 818 546 ad
841 499 1199 548 iMatrimonium
1222 498 1585 548 contrahendum

759 625 764 629 ⁸
817 566 1068 636 requisitis.

286 701 372 747 An
390 698 746 747 matrimonium
767 701 1158 748 contrahendum
1176 698 1439 764 requiritur
1485 705 1548 749 10·
1586 710 1642 749 ut

228 762 575 816 contrahentes
616 765 711 814 sint
735 767 799 814 ad
835 768 1221 816 contrahendum
1258 766 1463 824 habiles,
1483 769 1552 814 2⁰·
1588 778 1643 816 ut

219 833 509 883 interveniat
524 843 721 882 mutuus
737 834 947 898 partium
968 851 1249 893 consensus,
1277 839 1341 883 3⁰·
1362 844 1416 883 ut
1434 833 1643 884 accedat

217 911 474 966 parentum
511 917 791 958 consensus,
829 906 896 949 4⁰·
935 912 988 950 ut
1019 902 1146 952 illud·
1167 903 1445 953 celebretur
1469 916 1637 952 coram

222 969 446 1018 Par-ocho
472 969 765 1033 evpluribus
790 968 1013 1019 testibus.
1068 1013 1071 1015 ,

693 1104 1106 1154 ARTICULUS
1132 1105 1173 1152 Ι.
1256 1126 1259 1127 ’

217 1239 298 1290 De
321 1237 565 1287 habilitate
580 1238 791 1303 partium
809 1240 874 1286 ad
893 1239 1257 1288 contrahendum
1278 1237 1639 1288 Matrimonium

351 1305 593 1370 requisita,
629 1322 709 1353 seu
733 1306 790 1353 de
820 1307 1122 1355 Matrimonii
1150 1306 1503 1371 impedimenti-³.

227 1463 229 1465 ’
283 1438 696 1504 Impedimentum
722 1439 1013 1488 matrimonii
1039 1451 1112 1489 est
1133 1438 1499 1488 circumstantia
1517 1455 1639 1503 nup-

218 1511 296 1558 tiis
324 1507 590 1557 contractis
615 1508 689 1554 vei
713 1507 1058 1556 contrahendis
1084 1508 1275 1555 obicem
1301 1523 1504 1570 ponens.
1533 1538 1536 1539 ν

288 1573 592 1623 Matrimonii
640 1572 990 1635 impedimenta
1032 1575 1240 1638 duplicis
1278 1584 1391 1623 sunt
1427 1573 1637 1637 generis,

218 1645 313 1693 aba
359 1650 596 1689 vocantur
643 1640 913 1688 dirimentia
974 1658 1083 1704 quae
1141 1642 1203 1688 ad
1251 1641 1639 1690 contrahendum

216 1706 575 1759 matrimonium
601 1706 812 1770 aliquem
851 1708 1062 1755 reddunt
1095 1708 1375 1764 inhabilem,
1408 1724 1495 1756 seu
1532 1724 1638 1770 quae

215 1773 573 1826 matrimonium
598 1776 902 1836 subsequens
928 1775 1142 1822 efficiunt
1173 1773 1453 1822 invalidum.
1524 1775 1639 1822 Alia

216 1846 447 1893 dicuntur
498 1839 794 1904 prohibentia
854 1858 962 1904 quae
1020 1841 1377 1889 matrimonium
1423 1838 1638 1900 reddunt

218 1908 558 1961 tantummodo
585 1907 824 1954 illicitum.

288 1978 386 2026 Hic
411 1990 612 2039 agemus
645 1979 722 2021 10·
759 1974 1028 2036 generatim
1055 1976 1117 2024 de
1141 1984 1386 2037 potestate
1422 1984 1636 2023 statuen-

218 2045 267 2095 di
303 2043 653 2107 impedimenta
693 2042 1003 2099 matrimonii,
1040 2044 1114 2089 2⁰·
1150 2042 1405 2104 speciatim
1452 2043 1515 2091 de
1551 2042 1639 2089 im-

212 2109 507 2178 pedimentis
539 2107 895 2161 dirimentibus,
934 2111 1010 2156 30·
1045 2109 1298 2173 speciatim
1337 2110 1399 2157 de
1435 2105 1639 2172 ifnpedi-

217 2177 393 2229 mentis
428 2175 813 2240 prohibentibus,
852 2180 917 2221 40·
955 2176 1017 2223 de
1053 2175 1415 2240 dispensatione
1450 2178 1511 2224 ab
1549 2176 1637 2223 im-

214 2243 523 2311 pedimentis,
563 2245 627 2290 50·
666 2242 727 2289 de
753 2242 898 2290 modo
939 2243 1231 2291 matrimonii
1255 2243 1452 2291 invalidi
1477 2243 1637 2291 redin-

219 2310 461 2379 tegrandi.

212 2421 270 2510 7ς.
304 2452 344 2495 l.
396 2446 478 2493 De
493 2450 729 2506 potestate
768 2443 1094 2505 impedimenta
1122 2443 1481 2493 Matrimonium
1521 2443 1637 2492 diri-

593 2536 603 2544 »
646 2562 648 2564 t
706 2511 877 2582 mentia
912 2510 1161 2559 statuendi.

284 2635 642 2698 Impedimenta
678 2632 1036 2685 matrimonium
1077 2629 1353 2680 dirimentia
1394 2631 1489 2680 alia
1530 2632 1636 2696 qui.

218 2707 330 2762 dam
355 2703 416 2750 ab
452 2701 557 2764 ipsa
581 2710 771 2753 natura,
808 2700 967 2762 qualia
1001 2709 1112 2746 sunt
1155 2699 1346 2756 erroris,
1395 2698 1635 2764 impoten-

217 2774 330 2826 tiam
365 2768 456 2817 alia
494 2766 713 2814 civilibus
751 2766 1002 2830 Legibus;
1035 2765 1128 2814 alia
1161 2766 1505 2815 ecclesiasticis
1531 2767 1634 2815 De.

220 2840 365 2888 cretis
404 2833 782 2884 constituuntur.
856 2834 936 2881 De
982 2832 1340 2897 impedimentis
1387 2850 1416 2881 a
1461 2843 1637 2894 natura

215 2909 319 2970 ipsa
355 2899 631 2953 constitutis
671 2899 737 2949 ibi
777 2899 894 2948 nihil
934 2899 1195 2950 dicendum
1232 2899 1461 2950 occurrit.
1535 2900 1633 2948 Sed
1690 2942 1721 2956 γ,
1803 2892 1829 2952 ’.ἶὲ

1436 2965 1637 3030 quaestio
