1846 3250
299 188 401 255 412
789 184 1243 251 TaAoTATUs
1248 208 1249 211 =

291 322 350 368 in
376 323 423 368 2.
454 322 499 371 2.
526 319 577 367 S.
600 318 817 367 Thomae.
842 333 890 385 q.
921 324 1034 375 loo.
1061 330 1151 371 art.
1166 322 1225 370 2.
1261 335 1355 370 nec
1378 320 1620 384 prof-'ecto
1622 332 1730 373 tan-

298 388 358 437 tis
400 380 772 436 auctoritatibus
820 389 1072 451 prevalere
1118 398 1278 452 potest
1327 388 1543 456 Fagnani
1597 391 1730 443 testi·

297 455 531 523 monium.

287 578 291 581 ²
367 506 616 572 Caeteium
671 530 863 582 constat
925 522 1096 570 Romae
1154 521 1454 576 sententiam
1513 533 1727 571 nostram

278 584 474 656 *publice
519 590 720 655 deflendi,
755 600 810 637 ut
857 600 1065 638 testatur
1105 589 1294 637 Serrius
1341 589 1390 638 in
1440 590 1726 643 Melchioris

298 657 420 714 Cani
464 656 720 719 Vindiciis,
758 672 867 721 cap.
906 659 952 708 7.
996 656 1273 721 opinionem
1314 667 1571 720 utramque
1619 674 1725 706 esse

294 720 596 787 probabilem
633 740 692 771 ac
729 724 1043 787 disputationi
1077 725 1359 787 permissam
1385 724 1603 773 declarat
1630 726 1724 773 Be-

293 792 521 855 nedictus
564 792 704 844 XIV.
742 792 827 840 lib.
871 794 918 847 7.
954 792 1017 848 de
1062 791 1262 857 Synodo
1305 792 1540 842 Dioeces.
1560 808 1605 841 c.
1641 797 1723 840 ‘28

284 876 406 911 num
433 864 482 907 9.

365 927 467 989 Oly:
506 929 588 975 40·
644 925 875 990 Sequitur
919 942 981 974 ex
1030 936 1195 974 nostra
1240 926 1483 976 sententia
1531 925 1723 975 Fide-les

293 1010 462 1057 omnes
527 993 610 1056 qui
658 994 758 1041 sive
798 1004 910 1041 ante
949 993 1050 1042 sive
1100 1003 1210 1057 post
1255 994 1446 1042 Concil.
1495 994 1719 1042 Trident.

287 1063 391 1116 sine
417 1061 762 1110 benedictione
787 1061 1078 1116 sacerdotali
1106 1060 1461 1108 matrimonium
1488 1061 1716 1116 inierunt,

279 1146 320 1186 „v
359 1145 412 1193 g.
437 1127 717 1176 Haereticos
744 1129 1029 1191 permultos,
1068 1127 1368 1176 clandestine
1409 1139 1604 1191 nuptos,
1631 1144 1723 1176 nec

275 1212 385 1246 non
430 1211 513 1243 eos
553 1195 637 1259 qui
686 1211 850 1242 coram
900 1196 1106 1244 Nolario
1160 1206 1210 1243 et
1259 1195 1449 1245 duobus
1497 1207 1569 1242 tes
1573 1197 1717 1251 tibus,

274 1264 533 1319 <renitente
561 1262 801 1317 Paioch0‚
829 1263 1134 1311 matrimonia
1160 1271 1512 1309 contraxerunt
1545 1259 1719 1326 (vulgo

290 1331 530 1393 mariages
555 1346 583 1378 a
618 1331 663 1381 la
685 1330 964 1393 gaulmine)
998 1330 1314 1379 Sacramento
1342 1329 1641 1379 Matrimonii
1669 1341 1719 1378 et

290 1402 396 1464 ejus
440 1396 620 1445 effectu
658 1397 904 1444 caluisse:
942 1397 1076 1460 atqui
1113 1406 1277 1449 tamen
1312 1396 1361 1442 id
1400 1412 1495 1443 non
1532 1407 1716 1448 tantum

274 1467 462 1517 ,durum
490 1464 697 1520 videtur,
735 1465 822 1511 sed
848 1465 992 1512 etiam
1024 1463 1295 1511 Ecclesiae'
1285 1464 1583 1525 injuriosum,
1610 1480 1718 1526 quae

274 1548 380 1587 ‚nec
414 1533 505 1579 hos
542 1548 635 1579 nec
682 1532 790 1578 illos
836 1532 901 1580 ad
948 1527 1240 1582 consensum
1281 1546 1443 1580 coram
1492 1531 1716 1579 Parocho

286 1599 617 1647 renovandum
646 1599 912 1661 compellit.

356 1666 423 1717 R.
468 1670 542 1713 10·
580 1666 874 1720 Haeretieos‚
912 1666 1009 1713 imo
1033 1664 1319 1717 Catholicos
1357 1681 1527 1717 omnes
1552 1664 1714 1713 matri-

284 1733 448 1783 monia
504 1734 608 1781 sine
669 1732 950 1791 Sacerdotis
1009 1732 1352 1785 benedictione
1411 1732 1714 1782 clandestine

287 1800 651 1857 contrahenteS,
686 1799 788 1846 sive
826 1800 939 1852 olim
975 1799 1076 1849 sive
1109 1814 1261 1855 nunc,
1296 1798 1345 1845 in
1381 1799 1485 1863 ipsa
1521 1808 1716 1846 senteu-

284 1870 351 1929 tia
376 1884 547 1916 eorum
585 1866 665 1931 qui
711 1867 1015 1923 contendunt
1056 1866 1411 1915 matrimonium
1437 1867 1498 1914 ab
1524 1865 1618 1921 illis
1639 1866 1711 1915 sic

283 1944 592 1989 contractum
639 1933 940 1982 Sam-amenti
981 1933 1219 1981 rationem
1262 1932 1503 1992 habuisse,
1543 1933 1714 1981 Gratia

282 2014 448 2051 tamen
490 2001 826 2049 sacramentali
868 2001 1015 2048 fuisse
1070 2000 1299 2064 privatos,
1343 1999 1451 2050 ‘imo
1494 2009 1544 2047 et
1585 2016 1712 2057 novo

276 2069 527 2133 sacrilegii
574 2079 783 2132 peccato
828 2068 978 2116 fuisse
1024 2068 1318 2133 inquinatos·
1405 2069 1529 2117 Cum
1579 2068 1707 2115 enim

281 2138 390 2188 haec
426 2134 732 2188 matrimonia
768 2136 842 2189 sic
875 2135 1186 2190 'clandestine
1224 2145 1480 2182 contracta
1518 2150 1711 2196 semper

280 2204 527 2267 prohibita
549 2203 748 2257 fuerint,
785 2203 862 2250 isti
909 2218 1078 2249 omnes
1118 2202 1484 2251 Sacramentum
1512 2201 1710 2264 indigne

273 2270 636 2335 percipiebant.
707 2270 890 2316 Verum
914 2280 992 2317 »est
1012 2268 1208 2332 quidem
1233 2268 1281 2314 in
1318 2278 1483 2316 nostra
1518 2280 1714 2315 senten-

282 2339 351 2387 tia
392 2338 510 2385 istos
549 2346 755 2396 cunctos
797 2336 1114 2384 Sacramento
1146 2335 1297 2382 fuisse
1337 2335 1566 2398 privatos.
1641 2338 1710 2383 At

280 2406 331 2455 id
355 2403 447 2460 sibi
482 2403 720 2467 imputare
752 2403 950 2459 debent,
989 2418 1100 2450 cum
1136 2401 1331 2464 nuptias
1366 2401 1707 2458 clandestinae,

284 2463 418 2521 nullo
454 2471 694 2524 advocato
735 2470 1019 2524 Sacerdote,
1057 2481 1229 2517 contra
1255 2468 1493 2519 Ecclesiae
1517 2469 1707 2533 Legem

283 2555 341 2587 ac
368 2537 671 2601 disciplinam
698 2538 1068 2585 celebraverint.

351 2609 430 2654 ⁶20·
469 2607 579 2667 Non
606 2605 782 2653 desunt
807 2604 938 2668 apud
972 2619 1075 2658 nos,
1114 2601 1194 2665 qui
1221 2600 1445 2664 conjugia
1487 2601 1707 2652 clandes-

280 2673 381 2725 tine
417 2671 473 2719 iis
512 2672 559 2717 in
602 2672 723 2719 locis
747 2672 865 2719 inita
902 2672 981 2718 ubi
1019 2686 1112 2716 non
1152 2669 1284 2732 viget
1320 2669 1572 2732 disciplina
1600 2671 1706 2718 Tri-

282 2739 498 2795 deonna,
536 2754 698 2799 coxam
725 2739 819 2786 Par
823 2738 948 2787 ocho
975 2738 1046 2784 vel
1074 2735 1220 2784 etiam
1253 2737 1348 2784 alio
1390 2753 1475 2798 per
1504 2737 1705 2800 Episcc-

264 2823 397 2872 lpum
423 2805 679 2868 designato
705 2805 922 2861 renovari
948 2814 1136 2859 curent,
1166 2815 1217 2850 ut
1243 2804 1322 2867 qui
1349 2805 1420 2851 sic
1445 2817 1704 2853 contraxe-

282 2886 410 2935 μιξιῑ,
448 2872 621 2920 Gratia
644 2872 980 2921 sacramentali
1006 2887 1101 2916 non
1138 2871 1400 2946 priventur.

346 2946 424 2988 ’θ’
453 2941 701 2992 Quantum
729 2938 789 2988 ad
819 2938 1091 2998 Haeretieos
1117 2939 1178 2984 ad
1203 2938 1438 2986 Ecclesiae
1463 2939 1696 3000 gremium

1420 3006 1696 3063 redeuntes,
