1846 3250
529 153 627 202 DE
664 148 1163 202 MATRIMONIO.
1473 149 1577 200 303

150 287 302 338 fuisse
326 287 658 337 conditionem
700 286 858 335 mariti
900 287 963 335 ad
1003 286 1224 335 triremes
1263 293 1347 333 aut
1376 282 1579 332 exilium

155 366 445 421 perpetuum
482 354 728 411 damnati,
750 355 1070 418 possetipsa,
1106 368 1204 400 non
1243 351 1458 410 maritus,
1496 350 1580 415 qui

154 441 252 473 non
276 434 438 489 potest
473 433 584 486 post
607 438 744 470 suam
771 421 1228 470 condemnationem
1254 420 1302 467 in
1327 421 1457 468 bono
1481 417 1582 467 fide

153 491 378 555 supponi,
415 489 766 538 conventiones
800 488 1276 546 matrimoniales,·v.
1312 505 1361 551 g.
1395 486 1580 543 dotem,

154 558 444 617 dotalitium,
481 557 523 606 le
545 558 754 615 douaire‚
790 567 940 620 atque
967 561 1081 619 jura
1122 555 1483 604 communitatis
1508 570 1585 602 re-

151 635 350 688 petere,
377 636 430 673 ut
484 627 709 675 observat
750 623 942 673 Lebrun
995 624 1163 672 Tract.
1217 623 1279 672 de
1325 624 1583 674 Commun.

155 693 239 742 lib.
271 696 312 742 l.
337 710 380 743 c.
406 698 453 742 4.
1091 695 1094 698 ’

564 830 645 879 De
690 828 1012 896 impedimento
1059 804 1186 878 Voti.

230 963 331 1013 Hic
372 964 532 1028 agitur
586 963 648 1012 de
702 975 817 1012 voto
868 962 1105 1011 castitatis
1158 972 1243 1010 aut
1297 961 1589 1023 Religionis.

157 1032 361 1096 Duplex
387 1032 717 1094 distinguitur,
742 1032 958 1094 *simplex
995 1041 1044 1078 et
1069 1031 1303 1078 solemne.
1396 1029 1584 1077 Votum

154 1099 361 1163 slmplex
384 1099 505 1146 illud
530 1109 603 1146 est
628 1099 761 1161 quod
808 1098 912 1146 sine
949 1097 1320 1146 solemnioribus
1358 1112 1592 1145 caeremo-

153 1165 244 1213 niis
279 1165 502 1230 pr1vatim
541 1167 706 1214 Deum
743 1166 870 1214 inter
922 1176 971 1213 et
1009 1166 1284 1213 Voventem
1332 1164 1589 1212 emittitur.

161 1233 391 1281 Solemne
414 1233 534 1281 illud
559 1244 633 1281 est
674 1233 805 1296 quod
848 1233 901 1281 fit
944 1233 1104 1296 palam
1138 1248 1196 1281 ac
1237 1233 1451 1294 publice,
1490 1232 1598 1279 Ec-

159 1300 311 1349 clesia
364 1300 646 1348 solemniter
685 1311 1013 1364 acceptante,
1074 1316 1160 1363 per
1226 1299 1590 1363 susceptionem

160 1369 285 1416 sacri
343 1368 544 1430 alicujus
582 1367 797 1425 Ordinis,
827 1391 833 1397 ·
858 1377 941 1415 aut
1000 1384 1087 1430 per
1143 1365 1497 1433 prosessionem
1539 1365 1589 1412 in

161 1436 325 1498 aliquo
364 1436 551 1483 Ordine
587 1437 853 1498 approbato
906 1434 1146 1482 emissam.
1241 1434 1334 1482 His
1392 1432 1590 1489 notatis,

229 1502 455 1553 Dicimus
497 1505 574 1549 10·
612 1500 794 1550 votum·
838 1501 1047 1563 simplex
1083 1501 1342 1549 -eastitatis
1395 1500 1590 1548 efficere

160 1569 518 1618 matrimonium
545 1570 845 1633 subsequens
869 1568 1109 1625 illicitum,
1147 1583 1245 1615 non
1286 1567 1551 1615 invalidum
1576 1587 1590 1623 3

159 1637 383 1685 illicitum
420 1637 634 1701 quidem,
672 1636 786 1703 quia
826 1635 1039 1699 graviter
1076 1647 1255 1698 peccat
1297 1635 1380 1698 qui
1418 1644 1592 1683 contra

160 1704 307 1752 fidem
334 1704 642 1752 continentiae
686 1704 799 1751 Deo
841 1703 1004 1750 datam
1047 1719 1252 1751 uxorem
1280 1701 1454 1750 ducit:
1491 1717 1590 1750 non

161 1782 324 1820 tamen
350 1771 628 1828 invalidum,
672 1771 786 1834 quia
810 1769 1166 1818 matrimonium
1194 1779 1501 1830 contractum
1528 1771 1589 1818 ab

162 1854 223 1887 eo
248 1838 329 1903 qui
356 1838 579 1902 privatim
618 1837 892 1886 castitatem
936 1837 1084 1893 vovit,
1118 1837 1254 1884 nulla
1296 1837 1436 1900 Lege
1462 1836 1592 1884 civili

162 1916 246 1954 aut
271 1904 609 1954 ecclesiastica
631 1904 819 1952 irritum
845 1904 1140 1952 declaratur.

232 1972 334 2020 Hic
358 1982 592 2020 annotare
630 1980 706 2029 est
747 1971 970 2034 quaedam
995 1982 1124 2027 vota,
1163 1972 1382 2034 quamvis
1416 1970 1591 2020 emissa

161 2050 274 2086 cum
312 2049 449 2087 certa
482 2038 789 2086 solemnitate
825 2049 876 2095 et
910 2038 1153 2086 nonnullis
1196 2038 1494 2086 caeremoniis
1530 2055 1591 2088 ac

160 2106 604 2161 benedictionibus,
640 2105 802 2169 qualia
839 2115 953 2153 sunt
998 2115 1114 2152 vota
1154 2105 1472 2168 quarumdam
1515 2120 1593 2153 so-

162 2173 394 2230 cietatum
432 2173 755 2230 saecularium,
790 2190 835 2230 v,
890 2190 939 2236 g.
980 2172 1302 2220 Sacerdotum
1341 2172 1591 2221 Missionis

162 2250 214 2288 et
239 2240 490 2288 Doctrinae
516 2240 809 2296 christianae,
845 2241 1092 2289 recenseri
1130 2251 1293 2287 tamen
1325 2239 1453 2288 inter
1476 2251 1590 2289 vota

158 2304 418 2369 simplicia,
451 2323 545 2355 nec
567 2307 770 2370 proinde
796 2307 1151 2355 matrimonium
1179 2307 1422 2355 dirimere.
1518 2309 1521 2310 ⁷

230 2374 454 2423 Dicimus
480 2377 558 2422 20·
586 2386 751 2437 gotum
778 2375 1015 2423 eastitatis
1028 2410 1033 2416 ,4
1046 2376 1265 2423 solemne
1291 2375 1424 2437 quod
1450 2374 1589 2423 emit-

163 2442 282 2491 titur
305 2443 366 2490 ab
391 2441 448 2490 iis
473 2441 555 2505 qui
596 2458 760 2490 sacros
802 2441 1015 2490 Ordines
1056 2441 1327 2504 suscipiunt
1363 2453 1447 2491 aut
1491 2443 1590 2491 Re-

160 2508 392 2572 ligionem
427 2510 744 2572 approbatam
790 2508 1147 2572 ingrediuntur,
1182 2509 1589 2572 impedimentum

162 2591 270 2623 esse
294 2590 392 2639 quo
424 2575 778 2633 matrimonium
821 2578 1125 2640 subsequens
1166 2575 1421 2624 dirimitur.
1513 2578 1591 2625 Ita

163 2651 274 2706 post
297 2642 449 2691 multa
472 2642 566 2702 alia
591 2644 812 2692 Concili‘a
853 2643 1100 2707 generalia
1141 2658 1200 2691 ac
1240 2644 1420 2699 multos
1459 2644 1588 2693 Pou÷

162 2709 317 2757 tifices
340 2710 502 2758 sanxit
538 2711 768 2758 adversus
812 2711 1087 2759 Novatores
1128 2721 1440 2759 sacrosancta
1480 2711 1589 2758 Tri-

167 2776 367 2826 dentina
407 2777 633 2840 Synodus
670 2794 787 2827 sess.
827 2780 910 2826 24.
952 2793 1059 2826 can.
1097 2782 1143 2828 9.
1182 2779 1255 2826 his
1296 2779 1496 2841 verbisg
1536 2780 1591 2828 Si

151 2844 271 2909 quis
303 2843 476 2893 dixerit
502 2844 790 2903 Clericosuin
829 2846 975 2895 sacris
1016 2846 1268 2896 Ordinibus
1304 2846 1589 2902 constitutos,

111 2928 114 2930 ’
163 2910 237 2960 vel
269 2910 507 2978 regulares
540 2912 797 2966 castitatem
846 2911 1120 2964 'solemniter
1170 2916 1407 2979 prqfhssos
1459 2928 1593 2976 posse

169 3003 173 3011 ’
198 3006 204 3011 ’
788 3016 791 3019 »
815 2980 865 3036 D
902 2979 935 3034 d
1175 2986 1178 2989 ’
1252 2978 1593 3034 matrimonium
