1846 3250
581 164 679 212 DE
719 141 1210 213 MATRiMONIO.
1506 166 1599 213 20³

144 323 155 333 ι
198 297 228 322 “
254 292 398 350 ditus,
435 306 526 339 nec
549 289 598 337 in
623 306 675 338 se
699 290 852 337 malus
877 300 966 347 est,
1004 289 1042 336 si
1083 289 1233 338 intras
1251 285 1442 338 debitos
1483 288 1604 338 casti

199 366 230 388 “
257 358 465 422 conjugii
485 357 719 405 terminos
739 357 1093 405 contineatur?

261 431 379 477 Inst.
413 425 611 489 Nuptiae
661 437 773 473 sunt
824 425 1018 473 occasio
1074 424 1313 490 peccandi
1364 425 1603 489 proxima,

197 513 307 544 cum
331 492 437 543 raro
462 493 712 557 contingat
737 503 790 541 ut
830 494 879 540 in
917 494 1201 558 conjugibus
1225 510 1320 541 non
1345 495 1407 542 sit
1429 510 1605 558 pecca-

196 576 333 613 tum..
389 564 518 625 Ergo
538 563 674 609 malae
699 571 826 610 sunt.
1047 600 1050 602 >

244 631 328 679 R.
353 649 455 698 neg.
479 638 576 679 ant.
631 630 680 678 Si
706 626 831 679 enim
867 628 1232 677 Matrimonium
1258 641 1385 678 esset
1411 630 1605 679 occasio

193 701 433 762 peccandi
479 697 719 763 proxima,
764 698 813 746 S.
855 698 1034 746 Paulus
1074 697 1193 745 illud
1230 709 1524 761 proponeret
1557 700 1608 745 in

195 767 461 816 remedium
487 777 656 815 contra
681 766 974 815 tentationes
1000 785 1012 813 ε
1048 765 1181 829 atqui
1223 775 1383 813 tamen
1410 767 1529 814 illud
1558 767 1607 815 S.

196 836 376 883 Paulus
423 835 651 900 proponit.
688 835 750 889 *in
791 835 1059 882 remedium
1095 843 1264 882 contra
1297 834 1609 893 tentationes,

202 908 243 951 1.
271 905 383 953 Cor.
409 905 453 952 7.
480 922 520 951 v.
549 908 595 952 5.
622 909 722 965 jam
749 903 914 951 citato.

267 972 368 1033 Obj.
392 974 473 1021 7⁰·
512 971 720 1026 Quidam
749 972 837 1019 SS.
877 972 1046 1019 Patres
1084 970 1210 1018 inter
1251 987 1372 1034 quos
1413 970 1516 1034 ipse
1558 972 1608 1018 S.

196 1039 515 1103 Augusfinus,
552 1039 849 1102 scripserunt
900 1038 1084 1089 nullum
1136 1038 1285 1087 fuisse
1325 1039 1487 1087 Adam
1524 1038 1612 1085 jn-

193 1107 413 1155 nocentis
472 1124 582 1156 cum
642 1108 746 1155 Eva
804 1107 1185 1163 Matrimonium,
1244 1123 1334 1155 nec
1389 1108 1609 1155 futurum

195 1176 359 1233 fuisse,
397 1175 434 1223 si
458 1176 507 1223 in
531 1185 660 1224 statu
684 1176 972 1223 innocentiae
995 1185 1402 1240 perseverassent.
1465 1201 1469 1213 =
1494 1176 1609 1223 Non

196 1244 288 1292 alia
334 1254 494 1291 autem
542 1244 603 1291 de
646 1260 792 1292 causa
825 1244 874 1291 in
912 1260 970 1292 ea
1006 1243 1231 1307 opinione
1265 1244 1481 1301 fuerunt,
1517 1243 1610 1290 nisi

197 1312 310 1375 quia
343 1312 458 1375 ipsis
483 1328 765 1376 persuasum
808 1311 898 1360 fuit
940 1311 1132 1376 nuptias
1170 1311 1218 1358 in
1250 1328 1301 1360 se
1327 1313 1476 1360 malas
1501 1328 1609 1360 esse

195 1396 253 1427 ac
276 1380 484 1427 illicitas.
1405 1426 1407 1430 ,

268 1450 326 1496 Η.
355 1444 485 1496 hanc
504 1449 800 1512 peculiarem
841 1448 1156 1514 quorumdam
1200 1449 1396 1497 Patrum
1424 1447 1608 1512 opinio-

196 1532 305 1562 nem
346 1533 451 1565 esse
487 1518 589 1565 sine
632 1517 966 1575 fundamento,
1004 1516 1206 1579 eamque
1243 1517 1376 1579 rejici
1407 1517 1607 1573 debere,

196 1595 295 1630 tum
324 1585 435 1646 quia
463 1585 722 1648 Scripturis
756 1585 1051 1640 adversatur,
1089 1594 1191 1631 tum
1232 1585 1345 1648 quia
1386 1585 1609 1632 omnibus

194 1652 296 1699 fere
325 1653 411 1701 SS.
440 1653 659 1700 Patribus
700 1652 1002 1709 contradicit,
1041 1652 1121 1715 qui
1150 1647 1253 1700 'ore
1291 1669 1417 1716 pene
1442 1653 1611 1700 unani-

196 1720 258 1765 mi
284 1721 949 1784 docuerunt.protoparentes
991 1731 1102 1768 ante
1136 1731 1395 1784 peccatum
1414 1721 1606 1785 nuptias

194 1790 513 1837 contraxisse.
606 1790 738 1836 Hinc
767 1789 817 1836 S.
843 1788 1146 1853 Augustinus
1187 1799 1331 1836 aetate
1356 1790 1607 1844 maturior,

194 1856 274 1903 lib.
324 1860 363 1903 l.
403 1858 622 1905 Retract.
659 1874 767 1920 cap.
809 1861 884 1904 10.
938 1857 1172 1921 priorem'
1199 1856 1488 1905 sententiam
1531 1874 1608 1905 re·-

195 1935 400 1973 VOCstVlt·
685 1966 687 1968 ,

262 1992 507 2039 Nonnulli·
522 1991 762 2055 Theologi
787 2009 845 2040 eo
870 1992 963 2040 loci
991 1999 1199 2040 tractare
1223 1993 1379 2041 solent
1415 1992 1477 2041 de
1504 1993 1608 2041 uni-

195 2069 295 2106 tate
346 2071 394 2106 et
447 2060 865 2108 indissolubilitate
919 2061 1232 2108 Matrimonii.
1331 2063 1454 2109 Haec
1491 2079 1606 2109 vero

197 2127 421 2189 quoniam
446 2127 507 2174 ad
534 2128 896 2176 Matrimonium
925 2129 1305 2178 Christianorum
1340 2131 1605 2193 praesertim

196 2205 436 2258 spectant,
457 2196 531 2242 ad
557 2195 701 2244 alium
726 2196 888 2244 locum
913 2197 1168 2259 rejicimus.
1313 2200 1325 2217 ⁴
1380 2222 1383 2223 ⁷

590 2370 606 2375 ..
633 2331 861 2381 PROPO
871 2333 1054 2381 SITIO
1094 2334 1167 2381 II.

197 2467 550 2517 Allatrimonium
599 2485 833 2535 nunquam
848 2471 956 2534 ficit
994 2470 1264 2535 imperatum
1301 2471 1428 2536 Lege
1467 2480 1602 2521 natu«
1674 2516 1676 2518 .

482 2535 574 2584 rali
591 2538 751 2585 stricta
776 2546 818 2585 et
840 2534 1042 2603 singulos
1067 2537 1310 2603 obligante.

262 2669 405 2717 Proh.
437 2672 509 2716 10·
546 2672 690 2726 Quod
714 2674 746 2721 J
752 2690 835 2721 ure
859 2673 1080 2730 naturali,
1117 2673 1287 2722 stricto
1311 2684 1360 2723 et
1385 2675 1600 2740 singulos

196 2736 440 2800 obligante
465 2737 743 2802 imperatur,
781 2757 876 2789 non
922 2751 1083 2804 potest
1121 2741 1274 2791 omitti
1301 2743 1403 2792 sine
1422 2761 1603 2809 pecca-

194 2815 259 2861 to,
295 2814 343 2851 et
369 2804 561 2868 quidem
587 2809 735 2870 gravi,
779 2810 971 2873 quando
1012 2810 1212 2858 materia
1235 2812 1393 2876 gravis
1418 2822 1506 2869 est,
1544 2821 1599 2860 ut

195 2872 240 2917 in
301 2874 540 2935 praesenti.
633 2876 782 2940 Atqui
839 2888 1001 2926 tamen
1039 2878 1274 2937 Adamus,
1339 2890 1601 2941 antequam*

194 2940 388 2989 daretur
425 2940 466 2990 ei
503 2958 589 3006 per
639 2945 981 2995 revelationem
1031 2947 1243 2996 nubendi
1281 2958 1598 3013 praeceptum,

1494 3030 1596 3063 sine
