1846 3250
527 190 624 240 DE
663 188 1161 241 MATRIMONlo.
1212 152 1215 153 ᾗ
1477 187 1573 241 231

150 325 360 374 voluisse
386 325 451 374 'ut
508 323 868 372 matrimonium
918 342 1031 374 cum
1090 324 1240 373 sacris
1277 325 1577 375 caeremoniis

153 394 559 448 administratum,
585 408 673 456 per
699 393 920 440 Gratiam
947 393 1350 442 sanctificaretur.
1445 395 1581 443 Hinc

150 460 183 507 ii
222 458 462 523 Theologi
497 460 558 507 ab
617 459 713 506 illis
769 459 851 522 qui
907 459 1085 507 dicunt
1134 460 1492 509 matrimonium
1531 472 1583 511 et

153 527 455 575 Matrimonii
483 527 852 577 Sacramentum
892 526 1142 590 distingui,
1179 537 1367 576 tantum
1417 529 1582 599 quoad

155 594 388 643 terminos
437 594 520 658 qui
568 594 694 642 sorte
733 593 889 641 minus
931 604 1044 642 sunt
1085 595 1321 673 accurati,
1358 597 1448 645 sed
1483 613 1582 644 non

153 661 313 725 reipsa
337 660 584 719 differunt,
627 671 681 709 ut
722 670 861 724 patet
901 676 966 708 ex
993 676 1053 708 eo
1090 662 1259 725 quod
1248 662 1280 708 1i
1304 663 1394 726 ipsi
1421 664 1584 713 Theo·-

153 729 253 792 logi
296 730 380 793 qui
417 738 639 777 statuunt
681 727 1053 778 Matrimonium
1095 744 1203 777 esse
1227 740 1396 778 verum
1443 735 1583 780 novae

152 797 306 860 *Legis
357 797 744 854 Sacramentum,
792 796 982 844 diverse
1019 805 1184 844 tamen
1221 797 1584 847 matrimonium

155 874 207 911 et
235 864 535 912 Matrimonii
563 864 933 912 Sacramentum
966 863 1230 920 definiant,
1264 864 1389 913 adeo
1413 881 1585 913 verum

148 940 242 979 est.
278 930 388 979 illos
425 931 657 995 aliquam
716 930 845 978 inter
903 939 1163 992 utrumque
1221 931 1584 981 distinctionem

154 998 432 1055 admittere,
470 1014 564 1047 nec
610 996 885 1061 intelligere
922 999 1175 1063 quodlibet
1212 999 1586 1048 Matrimonium

157 1080 264 1113 esse
289 1081 455 1115 verum
481 1081 620 1115 novae
647 1065 796 1134 Legis
824 1067 1211 1130 Sacramentum?

551 1236 791 1288 CAPUT
840 1233 1188 1295 TERTIUM.

157 1382 239 1431 De
289 1381 654 1432 solemnitatibus
712 1399 817 1447 quae
846 1448 865 1498 l
892 1380 1256 1434 Matrimonium
1316 1383 1589 1444 proecedere

794 1467 844 1498 so
864 1458 956 1500 ent.

227 1583 344 1632 Duo
381 1596 493 1633 sunt
536 1602 644 1649 quae
686 1582 1046 1633 matrimonium
1086 1582 1369 1647 praecedere
1409 1583 1585 1642 solent,

156 1652 401 1713 sponsalia
426 1664 475 1701 et
499 1654 773 1706 bannorum
799 1650 1137 1714 proclamatio.

636 1784 1051 1840 ARTICULUS
1078 1785 1118 1837 1³

653 1939 733 1986 De
769 1934 1085 2001 Sponsalz’bus.

225 2071 507 2121 Dicendum
534 2070 750 2119 occurrit
793 2070 858 2118 de
899 2069 1195 2133 sponsalium
1235 2080 1424 2128 natura,
1464 2069 1584 2120 defi-

157 2140 358 2197 nitione,
397 2138 790 2214 circumstantiis,
818 2138 1052 2229 ministro,
1083 2136 1356 2197 effeetibUS,
1381 2137 1587 2189 dissolu-

156 2208 307 2265 tione,
330 2211 421 2256 Sco.
1005 2227 1009 2231 “

382 2339 463 2389 De
487 2348 659 2389 natura
686 2348 730 2390 et
754 2341 1022 2403 definitione
1050 2339 1361 2404 Sponsalium.

227 2474 495 2540 Sponsalia,
534 2476 724 2540 gallice
758 2475 823 2524 les
840 2473 1130 2537 fiancailles‚
1168 2473 1238 2521 sic
1287 2472 1517 2522 dicuntur
1553 2492 1581 2524 a

155 2545 323 2595 verbo,
357 2543 576 2606 spondeo
600 2561 686 2593 seu
711 2543 959 2606 promitto.
1034 2542 1348 2604 Quandoque
1380 2558 1580 2592 sumun-

157 2620 235 2657 tur
270 2626 358 2673 pro
395 2611 545 2659 arrhis
581 2628 668 2660 seu
705 2610 986 2658 muneribus
1030 2624 1220 2672 sponsae
1274 2619 1358 2660 aut
1400 2625 1579 2673 sponso

157 2677 319 2724 offerri
341 2677 494 2725 solitis
519 2698 531 2733 ς
565 2678 859 2743 quandoque
895 2692 984 2740 pro
1010 2675 1317 2724 matrimonio
1343 2688 1448 2725 rato
1475 2678 1580 2741 qui,

157 2743 288 2797 dem,
322 2744 410 2791 sed
444 2745 657 2793 nondum
695 2753 1050 2799 consummat03
1104 2760 1200 2806 quo
1237 2758 1383 2792 sensu
1423 2745 1578 2797 Beata

160 2810 313 2874 Virgo
360 2811 478 2859 licet.
512 2813 637 2860 bene
673 2822 842 2876 nupta,
886 2810 1065 2859 dicitur
1099 2822 1264 2859 tamen
1299 2812 1577 2876 desponsata

155 2876 349 2942 Josepk.
435 2872 492 2925 In
517 2880 744 2942 praesenti
768 2879 1004 2927 Tractatu
1029 2877 1338 2943 accipiuntur
1362 2894 1452 2942 pro
1476 2893 1577 2926 ma-

153 2943 364 2995 trimonii
390 2945 707 3013 promissione
730 2946 859 3001 inter
882 2960 1117 3011 personas
1141 2950 1253 3012 ,iure
1278 2945 1484 3060 hasbiles.

1361 3011 1579 3078 ponsalia
