1846 3250
507 181 603 233 DE
640 174 1139 232 MATRIMONIO.
1456 180 1553 228 441
1591 255 1594 258 ψ

200 322 268 374 R.
303 339 365 372 ex
393 336 453 369 eo
476 327 766 383 argumento
800 317 939 381 sequi
978 325 1166 364 tantum
1202 311 1562 364 matrimonium

137 410 241 441 esse
280 387 628 442 indissolubile,
667 386 826 448 posita
874 383 1122 432 societatis
1163 392 1415 447 perpetuae
1449 396 1564 446 pro-

135 459 377 507 missione.
449 455 519 510 At
561 454 651 501 Jus
693 451 1052 499 naturalenon
1093 460 1227 498 vetat
1267 447 1565 497 matrimoni-

134 543 215 573 um
264 523 370 571 fieri
418 522 479 570 ad
526 530 719 584 tempus
772 528 977 577 tantum,
1015 536 1061 565 v.
1105 535 1153 582 g.
1196 518 1357 565 donec
1404 516 1567 582 proles

136 594 393 648 habeatur,
432 599 482 637 et
507 588 621 635 satis
646 586 706 634 sit
730 585 967 633 instituta.
1566 602 1568 604 >

204 661 348 708 ‚Dices
374 658 450 706 5⁰.
488 653 856 704 Matrimonium
883 651 1076 716 accepit
1115 652 1165 698 in
1212 650 1438 715 primaeva
1479 664 1569 698 sua

138 726 443 775 institutione
506 720 998 778 indissolubilitatem,
1066 736 1270 782 eamque
1338 727 1569 782 protopa-

138 811 249 844 rens
284 791 498 857 agnovit.
569 790 703 854 Ergo
743 805 807 836 ex
844 789 967 836 Jure
1009 796 1195 835 naturae
1235 784 1571 834 indissolubile

138 873 228 911 est.

211 928 278 977 R.
317 945 422 992 neg.
458 942 638 990 conseq.
676 925 818 971 Deus
861 922 986 970 enim
1030 921 1079 967 in
1121 918 1362 985 principio
1407 918 1572 966 matri·-

144 995 357 1045 monium
400 992 735 1039 indissolubile
774 990 941 1044 voluit,
980 1004 1075 1035 non
1121 988 1253 1052 quod
1291 986 1431 1033 aliter
1466 985 1574 1033 fieri

144 1079 239 1111 non
284 1069 464 1125 posset,
503 1059 589 1106 sed
616 1058 730 1121 quia
752 1057 803 1103 id
844 1056 1016 1104 melius
1059 1066 1178 1103 erat.
1255 1054 1397 1103 Unde
1439 1062 1585 1116 post--

144 1147 202 1179 ea
236 1127 422 1178 Judaeis
458 1126 740 1174 divortium·
768 1122 1012 1173 concessit
1046 1123 1113 1170 ad
1150 1122 1374 1172 duritiam
1420 1119 1572 1169 cordis

142 1208 347 1246 tantum.

150 1334 195 1395 ᾗ.
225 1333 272 1380 2.
308 1329 390 1378 De
410 1329 652 1394 firmitate
691 1327 997 1377 Matrimonii
1039 1327 1171 1390 apud
1214 1323 1463 1389 Infideles:
1513 1337 1577 1372 an

415 1396 605 1446 dissolvi
621 1397 803 1460 possint
830 1413 985 1444 eorum
1014 1395 1243 1461 Conjugz'a
1258 1394 1284 1440 ἓ

218 1535 420 1583 Certum
447 1541 521 1581 est
561 1536 641 1579 10·
677 1530 1035 1578 matrimonium
1073 1530 1133 1578 ad
1175 1527 1478 1583 Infidelibus‚
1526 1524 1579 1572 id

150 1610 240 1658 est,
277 1617 374 1648 non
422 1599 679 1663 baptizatis
725 1598 914 1655 initum,
963 1596 1156 1645 tametsi
1206 1596 1578 1643 Sacramentum

148 1685 243 1715 non
270 1668 347 1727 sit,
383 1668 594 1714 validum
632 1675 794 1713 tamen
838 1675 888 1713 et
924 1664 1196 1726 legitimum
1240 1678 1347 1710 esse
1381 1661 1429 1708 in
1467 1660 1581 1707 rati·

147 1735 283 1783 tione
336 1743 634 1791 contractus,
686 1733 832 1780 modo
899 1732 1132 1779 Infideles
1179 1730 1257 1777 isti
1307 1729 1578 1777 secundum

149 1803 314 1865 Leges
361 1801 543 1865 patrias
579 1802 886 1857 contrahant,
939 1815 1033 1846 nec
1076 1799 1176 1845 ullo
1229 1797 1580 1859 impedimento

152 1870 284 1918 Juris
322 1869 554 1916 naturalis
592 1879 677 1916 aut
719 1867 871 1914 civilis
917 1868 1217 1927 subjaceant.
1289 1864 1349 1911 Id
1392 1871 1584 1911 constat

152 1937 252 1984 sive
279 1952 342 1984 ex
368 1945 512 1983 antea
536 1934 696 1992 dictis,
733 1935 833 1982 sive
870 1950 934 1982 ex
970 1933 1072 1980 istis
1098 1931 1326 1995 Apostoli
1350 1929 1510 1979 verbis
1541 1935 1584 1978 1.

156 2003 275 2051 Cor.
300 2004 347 2054 7.
409 2004 464 2051 Sz·
501 2003 602 2068 quis
616 2004 790 2066 frater
830 2002 965 2050 habet
1006 2017 1195 2048 uxorem
1245 1997 1491 2061 infidelem,
1541 2005 1585 2047 et

155 2071 251 2119 haec
285 2071 510 2119 consentit
549 2070 763 2118 habitare
801 2087 901 2117 cum
943 2068 1039 2126 illo,
1078 2085 1169 2116 non
1193 2066 1403 2114 dimittat
1437 2064 1584 2113 illam.

155 2138 230 2184 Ibi
268 2138 394 2185 enim
432 2136 663 2200 supponit
698 2138 764 2185 D.
799 2137 980 2184 Paulus
1016 2150 1222 2182 uxorem
1264 2132 1511 2180 infidelem
1559 2147 1589 2179 a

156 2205 259 2252 viro
300 2204 500 2262 infideli,
538 2205 624 2252 sed
666 2214 839 2268 postea
874 2218 1126 2259 converso,
1165 2202 1380 2258 ductam,
1419 2205 1587 2262 conju-

86 2278 95 2283 ”
158 2287 269 2335 gem
309 2271 457 2320 fuisse
495 2271 781 2335 legitimam,
824 2270 1036 2333 alioquin
1081 2268 1269 2317 licitum
1317 2283 1414 2316 non
1461 2266 1589 2315 foret

157 2339 445 2390 commorari
470 2355 582 2386 cum
607 2340 704 2387 illa.
1574 2352 1576 2354 ’

228 2408 429 2455 Certum
479 2415 554 2453 est
611 2409 686 2453 20·
736 2404 1100 2470 matrimonium
1142 2403 1270 2451 inter
1316 2402 1590 2466 baptizatos

161 2482 467 2522 contractum
508 2489 604 2520 non
647 2473 843 2520 dissolvi
884 2488 971 2536 per
1006 2472 1285 2520 alterutrius
1324 2480 1406 2518 aut
1444 2468 1592 2520 etiam

162 2540 416 2605 utriusque
453 2540 674 2603 conjugis
714 2540 934 2588 haeresim
959 2540 1037 2587 vel
1062 2538 1368 2602 apostasiam.
1438 2536 1591 2585 Nullo
1634 2566 1639 2570 ›

165 2607 345 2672 quippe
385 2608 508 2656 Jure
545 2607 802 2664 dirimitur,
836 2607 934 2654 imo
978 2605 1221 2654 constabit
1268 2621 1331 2653 ex
1369 2602 1600 2653 dicendis

162 2675 522 2723 matrimonium
570 2674 706 2735 illud,
743 2675 782 2722 si
833 2682 1225 2723 consummatum
1270 2671 1437 2732 fuerit,
1489 2670 1594 2720 sola

161 2751 317 2789 morte
353 2741 527 2790 dirimi.
1572 2763 1575 2764 ⁷

232 2809 434 2858 Certum
467 2818 542 2857 est
578 2813 654 2857 3⁰·
689 2807 982 2858 matrimonii
1021 2807 1270 2857 vinculum
1310 2807 1439 2855 inter
1478 2802 1593 2852 Infi-

166 2874 302 2923 deles
337 2875 573 2924 contracti
609 2892 701 2925 eon
727 2877 922 2926 dissolvi
956 2893 1046 2941 per
1082 2875 1448 2925 conversionem
1473 2871 1594 2921 utri-

158 2956 321 3007 usque
362 2942 582 3009 conjugis
628 2944 691 2993 ad
738 2944 924 2994 Fidem.
993 2944 1121 2993 Nam
1147 2959 1245 3008 per
1291 2940 1593 3009 Baptizmum

1498 3022 1592 3055 non
