1852 3250
635 183 730 238 DE
770 186 1066 238 ORDINE.
1496 177 1560 224 25

583 386 1008 442 PROPOSITIO
1048 390 1114 438 11.

176 526 468 581 Dioconatus
490 546 569 579 seu
598 530 846 579 Ordinatio
872 528 1078 578 Diaconz‘
1100 542 1258 576 verum
1294 533 1361 575 est
1379 541 1526 579 *novae

577 598 723 664 Legis
757 600 1120 647 Sacramentum.

210 735 288 783 Ita
312 734 634 783 communiter
659 732 897 797 Theologi
925 741 1096 780 contra
1121 729 1427 788 Durandum,
1468 731 1559 780 Ca-

130 805 368 863 Jeta'num‚
408 802 763 851 Maldonatum.

209 871 353 921 Proh.
393 887 455 919 ex
482 888 541 919 eo
567 871 698 935 quod
737 870 783 917 in
810 869 1070 917 diaconatu
1108 865 1410 931 reperiantur
1448 882 1562 914 con-

142 937 347 986 ditiones
373 940 434 987 ad
461 956 624 987 verum
655 940 1019 987 Sacramentum
1045 936 1307 1001 requisitae.

210 1010 287 1055 1‘3·
326 1008 412 1055 Est
438 1007 556 1055 ritus
581 1007 832 1064 sensibilis,
870 1006 996 1054 Nam
1021 1016 1116 1054 act.
1141 1009 1188 1053 6.
1225 1003 1306 1051 ubi
1333 1003 1395 1052 de
1416 1002 1561 1051 Ordi-

139 1074 334 1122 natione
381 1087 568 1140 septem
618 1076 965 1132 Diaconorum,
1020 1074 1089 1123 sic
1136 1071 1316 1138 legitur
1362 1073 1561 1121 Orontes

137 1142 450 1208 imposuerunt
474 1144 541 1192 eis
565 1161 740 1192 manus.

206 1213 286 1258 ⁶20·
326 1212 467 1260 Ritus
491 1212 570 1260 ille
593 1213 778 1260 Gratiae
804 1209 1114 1260 conferendae
1138 1210 1366 1258 virtutem
1391 1207 1559 1265 habet,

137 1287 190 1326 ut
239 1291 428 1328 constat
461 1284 535 1328 10·
562 1281 674 1344 quia
713 1280 938 1345 Apostoli
986 1288 1096 1327 act
1093 1281 1157 1336 6.
1193 1278 1460 1326 orationem
1499 1292 1560 1325 ac

140 1362 366 1395 manuum
409 1348 763 1413 impositionem
803 1348 865 1397 ad
904 1347 1270 1395 constituendos
1310 1347 1559 1394 Diaconos

141 1414 488 1463 adhibuerunt.
555 1417 629 1463 Ea
671 1426 833 1463 autem
874 1416 1028 1463 oratio
1067 1430 1164 1461 non
1200 1414 1292 1461 fuit
1330 1414 1484 1461 otiosa
1510 1426 1560 1461 et

139 1484 329 1540 sterilis,
367 1484 454 1530 sed
495 1484 823 1547 producendae
863 1484 1047 1531 Gratiae
1084 1483 1276 1539 efficax,
1316 1493 1368 1529 ut
1393 1481 1560 1530 videre

138 1560 212 1597 est
237 1551 283 1597 in
310 1551 412 1599 aliis
437 1551 670 1599 similibus
702 1552 966 1615 Scripturae
995 1550 1134 1598 locis.
1181 1553 1261 1597 20·
1298 1549 1424 1603 Quia
1452 1550 1561 1597 Ste-

138 1617 326 1681 phanus
355 1630 461 1682 post
488 1631 734 1683 acceptam
768 1619 960 1666 diaconi
985 1619 1355 1667 Ordinationem
1381 1617 1560 1665 dicitur

129 1685 297 1750 plenas
341 1689 531 1753 szrz'tzc
563 1690 748 1744 Sancto,
784 1689 1013 1753 sapientm
1055 1695 1100 1735 et
1115 1686 1426 1752 fortitudine,
1473 1689 1556 1732 30.

140 1754 423 1819 Episcopus,
463 1766 516 1803 ut
556 1765 691 1820 patet
722 1772 784 1804 ex
812 1756 1033 1803 omnibus
1059 1740 1350 1823 Ritualibus,
1387 1755 1435 1800 in
1464 1755 1558 1802 Or

139 1822 385 1872 dinatione
425 1824 651 1883 Diaconi,
702 1825 795 1872 ait.
848 1824 1005 1887 accipe
1048 1824 1273 1887 Spintum
1321 1828 1555 1871 Sanctum.

141 1892 260 1944 Quae
276 1893 423 1940 verba
442 1908 563 1940 vana
582 1909 640 1941 ac
659 1894 840 1940 sterilia
860 1908 964 1939 esse
985 1908 1081 1939 non
1103 1901 1319 1954 possunt.
1344 1895 1390 1938 4.
1404 1891 1557 1939 Cone.

140 1957 542 2008 Chalcedonense
568 1977 676 2008 can.
705 1963 751 2007 2.
788 1961 933 2008 docet
959 1961 1233 2026 Epzscopum
1259 1959 1338 2023 qui
1367 1967 1561 2023 propter

137 2027 379 2088 pecuniam
416 2029 682 2093 EpiscopOS,
721 2028 1061 2092 Proesbyteros,
1095 2035 1177 2074 aut
1213 2027 1451 2076 Diaconos
1485 2045 1561 2076 0⁷·-

138 2094 288 2150 (linat,
326 2096 520 2144 vendere
546 2096 760 2144 Gratiam
792 2098 944 2161 pretio
979 2094 1362 2144 inaestimabilem.
1419 2094 1556 2159 Ergo

142 2162 411 2211 aestimabat
438 2164 657 2212 Gratiam
685 2164 1005 2212 Ordinatione
1033 2163 1247 2211 Diaconi
1273 2162 1500 2210 conferri.

209 2231 303 2277 gm·
329 2231 469 2279 Ritus
495 2231 576 2280 ille
601 2248 630 2279 a
655 2232 849 2280 Christo
875 2242 948 2279 est
972 2231 1235 2279 institutus.
1291 2231 1417 2278 Nam
1450 2234 1497 2278 1⁰
1520 2231 1560 2279 si

138 2314 233 2347 non
260 2312 389 2348 esset
414 2315 443 2347 a
469 2300 579 2348 Deo
603 2300 868 2357 institutus,
908 2299 1088 2348 Gratiae
1128 2298 1438 2347 conferendae
1463 2299 1559 2346 vim

138 2381 235 2413 non
261 2367 480 2416 haberet.
516 2369 600 2414 20·
654 2368 830 2416 Similis
856 2378 927 2416 est
957 2368 1093 2415 Ritui
1117 2383 1213 2429 quo
1242 2363 1473 2431 Episcopi
1510 2377 1563 2415 et.

141 2434 431 2498 Praesbyteri
474 2436 795 2485 ordinantur:
850 2436 977 2498 atqui
1028 2435 1200 2483 divinae
1247 2435 1561 2485 institutionis

141 2513 252 2550 sunt
297 2504 442 2551 Ritus
479 2504 529 2550 in
568 2517 774 2566 utroque
816 2504 899 2551 illo
942 2504 1110 2552 ordine
1149 2504 1395 2551 observari
1419 2503 1565 2552 soliti-

143 2571 488 2620 3⁰·C1edibile
525 2588 620 2619 non
651 2584 724 2620 est
753 2572 1054 2650 Apostolos*
1045 2588 1090 2618 m
1119 2571 1357 2619 Ministris
1385 2571 1564 2620 Eccle-

139 2637 220 2684 siae
246 2640 594 2687 constituendis
627 2641 767 2688 aliter
792 2641 950 2704 egisse
977 2656 1118 2703 quam
1145 2639 1258 2703 ipsis
1286 2639 1560 2688 mandasset

145 2700 380 2753 Christus.
418 2713 482 2754 40·
515 2707 756 2756 Diaconos
793 2725 898 2756 esse
923 2724 951 2756 a
977 2708 1170 2756 Christo
1206 2708 1451 2756 institutos
1477 2708 1563 2754 do-

142 2783 256 2820 cent
297 2773 384 2821 SS.
425 2776 609 2823 Patres.
685 2777 865 2832 Cuncti,
903 2776 1055 2838 inquit
1089 2777 1308 2839 Ignatius
1350 2776 1559 2839 Martyr‚

144 2840 301 2903 Epist.
336 2842 396 2888 ad
434 2842 703 2891 Trallianos
736 2861 867 2891 num.
906 2847 950 2891 3.
989 2852 1289 2892 revereantur
1323 2845 1561 2893 Diaconos

142 2916 191 2954 ut
214 2910 477 2957 mandatum
503 2912 617 2958 Jesn
643 2912 856 2961 Christz:
895 2907 1035 2960 vide
1023 2926 1220 2976 insuper
1239 2912 1393 2960 Clem.
1416 2911 1562 2956 Rom.

144 2976 298 3089 Epist
342 2980 379 3024 1
419 2976 499 3025 ad
515 2978 807 3040 Corinthios,
861 2980 1214 3044 Hiervonymum
1256 2977 1473 3109 Epistol.
1499 2979 1561 3024 ad

1347 3045 1562 3093 morium
