<?xml version="1.0" encoding="UTF-8"?>
<!DOCTYPE html PUBLIC "-//W3C//DTD XHTML 1.0 Transitional//EN"
    "http://www.w3.org/TR/xhtml1/DTD/xhtml1-transitional.dtd">
<html xmlns="http://www.w3.org/1999/xhtml" xml:lang="en" lang="en">
 <head>
  <title>
</title>
<meta http-equiv="Content-Type" content="text/html;charset=utf-8" />
  <meta name='ocr-system' content='tesseract 3.04.00' />
  <meta name='ocr-capabilities' content='ocr_page ocr_carea ocr_par ocr_line ocrx_word'/>
</head>
<body>
  <div class='ocr_page' id='page_1' title='image "./theologica00bailuoft_0215.png"; bbox 0 0 1846 3250; ppageno 0'>
   <div class='ocr_carea' id='block_1_1' title="bbox 600 167 1633 234">
    <p class='ocr_par' dir='ltr' id='par_1_1' title="bbox 600 167 1633 234">
     <span class='ocr_line' id='line_1_1' title="bbox 600 167 1633 234; baseline 0.003 -18"><span class='ocrx_word' id='word_1_1' title='bbox 600 168 695 216; x_wconf 84' lang='lat' dir='ltr'><strong>DE</strong></span> <span class='ocrx_word' id='word_1_2' title='bbox 733 167 1224 234; x_wconf 72' lang='lat' dir='ltr'>MATRIMONIO.</span> <span class='ocrx_word' id='word_1_3' title='bbox 1535 173 1633 225; x_wconf 65' lang='lat' dir='ltr'><strong>2.ss</strong></span> 
     </span>
    </p>
   </div>
   <div class='ocr_carea' id='block_1_2' title="bbox 186 303 1631 3085">
    <p class='ocr_par' dir='ltr' id='par_1_2' title="bbox 205 303 1631 898">
     <span class='ocr_line' id='line_1_2' title="bbox 216 303 1630 366; baseline -0.002 -11"><span class='ocrx_word' id='word_1_4' title='bbox 216 349 221 355; x_wconf 72' lang='grc'><strong>,.</strong></span> <span class='ocrx_word' id='word_1_5' title='bbox 289 304 521 360; x_wconf 84' lang='lat' dir='ltr'><strong>Tertium,</strong></span> <span class='ocrx_word' id='word_1_6' title='bbox 585 319 761 366; x_wconf 81' lang='lat' dir='ltr'>nempe</span> <span class='ocrx_word' id='word_1_7' title='bbox 830 319 919 366; x_wconf 90' lang='lat' dir='ltr'><strong>per</strong></span> <span class='ocrx_word' id='word_1_8' title='bbox 977 304 1350 353; x_wconf 86' lang='lat' dir='ltr'><strong>Matrimonium·</strong></span> <span class='ocrx_word' id='word_1_9' title='bbox 1398 303 1630 353; x_wconf 77' lang='lat' dir='ltr'><strong>&#39;Gratiam</strong></span> 
     </span>
     <span class='ocr_line' id='line_1_3' title="bbox 222 370 1631 436; baseline -0.001 -13"><span class='ocrx_word' id='word_1_10' title='bbox 222 372 601 422; x_wconf 86' lang='lat' dir='ltr'><strong>sanctificantem</strong></span> <span class='ocrx_word' id='word_1_11' title='bbox 659 370 880 435; x_wconf 86' lang='lat' dir='ltr'><strong>produci,</strong></span> <span class='ocrx_word' id='word_1_12' title='bbox 938 388 1032 420; x_wconf 88' lang='lat' dir='ltr'><strong>nec</strong></span> <span class='ocrx_word' id='word_1_13' title='bbox 1089 372 1209 429; x_wconf 86' lang='lat' dir='ltr'><strong>illud</strong></span> <span class='ocrx_word' id='word_1_14' title='bbox 1261 372 1464 436; x_wconf 83' lang='lat' dir='ltr'>proinde</span> <span class='ocrx_word' id='word_1_15' title='bbox 1523 390 1631 421; x_wconf 85' lang='lat' dir='ltr'><strong>esse</strong></span> 
     </span>
     <span class='ocr_line' id='line_1_4' title="bbox 223 438 1629 504; baseline -0.001 -14"><span class='ocrx_word' id='word_1_16' title='bbox 223 442 586 492; x_wconf 76' lang='lat' dir='ltr'><strong>Sacramentum</strong></span> <span class='ocrx_word' id='word_1_17' title='bbox 611 454 755 488; x_wconf 86' lang='lat' dir='ltr'><strong>sensu</strong></span> <span class='ocrx_word' id='word_1_18' title='bbox 789 438 962 496; x_wconf 88' lang='lat' dir='ltr'><strong>latiori,</strong></span> <span class='ocrx_word' id='word_1_19' title='bbox 1001 456 1087 488; x_wconf 90' lang='lat' dir='ltr'><strong>seu</strong></span> <span class='ocrx_word' id='word_1_20' title='bbox 1112 442 1304 504; x_wconf 83' lang='lat' dir='ltr'><strong>signum</strong></span> <span class='ocrx_word' id='word_1_21' title='bbox 1332 440 1511 489; x_wconf 73' lang='lat' dir='ltr'><strong>Gratiae</strong></span> <span class='ocrx_word' id='word_1_22' title='bbox 1548 458 1629 489; x_wconf 85' lang='lat' dir='ltr'><strong>va-</strong></span> 
     </span>
     <span class='ocr_line' id='line_1_5' title="bbox 213 507 1629 570; baseline -0.001 -12"><span class='ocrx_word' id='word_1_23' title='bbox 213 526 381 567; x_wconf 82' lang='lat' dir='ltr'><strong>cuum,</strong></span> <span class='ocrx_word' id='word_1_24' title='bbox 418 508 565 556; x_wconf 87' lang='lat' dir='ltr'><strong>docet.</strong></span> <span class='ocrx_word' id='word_1_25' title='bbox 602 508 651 555; x_wconf 88' lang='lat' dir='ltr'><strong>S.</strong></span> <span class='ocrx_word' id='word_1_26' title='bbox 676 507 857 566; x_wconf 72' lang='lat' dir='ltr'><strong>Athen.</strong></span> <span class='ocrx_word' id='word_1_27' title='bbox 894 507 1053 570; x_wconf 66' lang='lat' dir='ltr'><strong>Epist,</strong></span> <span class='ocrx_word' id='word_1_28' title='bbox 1091 510 1154 558; x_wconf 88' lang='lat' dir='ltr'><strong>ad</strong></span> <span class='ocrx_word' id='word_1_29' title='bbox 1178 509 1508 565; x_wconf 69' lang='lat' dir='ltr'><strong>Ammmium,</strong></span> <span class='ocrx_word' id='word_1_30' title='bbox 1548 509 1629 557; x_wconf 90' lang='lat' dir='ltr'><strong>ubi</strong></span> 
     </span>
     <span class='ocr_line' id='line_1_6' title="bbox 209 576 1628 641; baseline 0.001 -19"><span class='ocrx_word' id='word_1_31' title='bbox 209 578 288 628; x_wconf 82' lang='lat' dir='ltr'><strong>sic</strong></span> <span class='ocrx_word' id='word_1_32' title='bbox 311 576 523 641; x_wconf 88' lang='lat' dir='ltr'><strong>loquitur</strong></span> <span class='ocrx_word' id='word_1_33' title='bbox 544 593 557 623; x_wconf 68' lang='grc' dir='ltr'>ε</span> <span class='ocrx_word' id='word_1_34' title='bbox 597 576 693 632; x_wconf 74' lang='lat' dir='ltr'><strong>Qui</strong></span> <span class='ocrx_word' id='word_1_35' title='bbox 714 576 845 623; x_wconf 81' lang='lat' dir='ltr'><strong>ducit</strong></span> <span class='ocrx_word' id='word_1_36' title='bbox 866 591 1074 633; x_wconf 74' lang='lat' dir='ltr'><strong>uxorem,</strong></span> <span class='ocrx_word' id='word_1_37' title='bbox 1111 579 1196 624; x_wconf 77' lang='lat' dir='ltr'><strong>esti</strong></span> <span class='ocrx_word' id='word_1_38' title='bbox 1204 593 1375 639; x_wconf 78' lang='lat' dir='ltr'><strong>parem</strong></span> <span class='ocrx_word' id='word_1_39' title='bbox 1402 577 1628 634; x_wconf 76' lang='lat' dir='ltr'><em>Gratiam</em></span> 
     </span>
     <span class='ocr_line' id='line_1_7' title="bbox 205 645 1623 707; baseline -0.003 -11"><span class='ocrx_word' id='word_1_40' title='bbox 205 661 311 696; x_wconf 30' lang='lat' dir='ltr'><strong>&lt;non</strong></span> <span class='ocrx_word' id='word_1_41' title='bbox 332 652 645 707; x_wconf 76' lang='lat' dir='ltr'><em>consequatur</em></span> <span class='ocrx_word' id='word_1_42' title='bbox 658 660 765 690; x_wconf 80' lang='lat' dir='ltr'><strong>cum</strong></span> <span class='ocrx_word' id='word_1_43' title='bbox 787 660 838 690; x_wconf 83' lang='lat' dir='ltr'><strong>eo</strong></span> <span class='ocrx_word' id='word_1_44' title='bbox 852 645 938 706; x_wconf 77' lang='lat' dir='ltr'><strong>qui</strong></span> <span class='ocrx_word' id='word_1_45' title='bbox 955 646 1273 706; x_wconf 67' lang='lat' dir='ltr'><strong>viryinitatem</strong></span> <span class='ocrx_word' id='word_1_46' title='bbox 1289 646 1623 707; x_wconf 70' lang='lat' dir='ltr'><em>complectitur,</em></span> 
     </span>
     <span class='ocr_line' id='line_1_8' title="bbox 208 711 1623 777; baseline 0 -17"><span class='ocrx_word' id='word_1_47' title='bbox 208 716 517 777; x_wconf 54' lang='lat' dir='ltr'><strong>consequitur</strong></span> <span class='ocrx_word' id='word_1_48' title='bbox 539 720 694 760; x_wconf 78' lang='lat' dir='ltr'><strong>tamen</strong></span> <span class='ocrx_word' id='word_1_49' title='bbox 728 711 958 774; x_wconf 78' lang='lat' dir='ltr'><em>aliquam,</em></span> <span class='ocrx_word' id='word_1_50' title='bbox 994 714 1172 776; x_wconf 73' lang='lat' dir='ltr'><strong>quippe</strong></span> <span class='ocrx_word' id='word_1_51' title='bbox 1193 728 1301 775; x_wconf 78' lang='lat' dir='ltr'><strong>quoe</strong></span> <span class='ocrx_word' id='word_1_52' title='bbox 1321 713 1458 775; x_wconf 68' lang='lat' dir='ltr'><strong>ferat</strong></span> <span class='ocrx_word' id='word_1_53' title='bbox 1481 713 1623 776; x_wconf 77' lang='lat' dir='ltr'><strong>fruc·</strong></span> 
     </span>
     <span class='ocr_line' id='line_1_9' title="bbox 216 780 1620 845; baseline 0 -17"><span class='ocrx_word' id='word_1_54' title='bbox 216 790 316 828; x_wconf 81' lang='lat' dir='ltr'><strong>tum</strong></span> <span class='ocrx_word' id='word_1_55' title='bbox 339 782 648 828; x_wconf 74' lang='lat' dir='ltr'><strong>centesimum.</strong></span> <span class='ocrx_word' id='word_1_56' title='bbox 718 780 857 837; x_wconf 84' lang='lat' dir='ltr'>Idem</span> <span class='ocrx_word' id='word_1_57' title='bbox 893 780 1040 828; x_wconf 90' lang='lat' dir='ltr'><strong>docet</strong></span> <span class='ocrx_word' id='word_1_58' title='bbox 1076 781 1126 828; x_wconf 90' lang='lat' dir='ltr'><strong>S.</strong></span> <span class='ocrx_word' id='word_1_59' title='bbox 1150 780 1361 845; x_wconf 86' lang='lat' dir='ltr'><strong>Cyrillus</strong></span> <span class='ocrx_word' id='word_1_60' title='bbox 1384 781 1465 835; x_wconf 83' lang='lat' dir='ltr'><strong>lib.</strong></span> <span class='ocrx_word' id='word_1_61' title='bbox 1494 784 1540 830; x_wconf 76' lang='lat'><strong>2.</strong></span> <span class='ocrx_word' id='word_1_62' title='bbox 1571 782 1620 828; x_wconf 89' lang='lat' dir='ltr'><strong>in</strong></span> 
     </span>
     <span class='ocr_line' id='line_1_10' title="bbox 218 850 543 898; baseline -0.006 -1"><span class='ocrx_word' id='word_1_63' title='bbox 218 850 361 898; x_wconf 85' lang='lat' dir='ltr'><strong>Joan.</strong></span> <span class='ocrx_word' id='word_1_64' title='bbox 390 865 433 897; x_wconf 90' lang='lat' dir='ltr'><strong>c.</strong></span> <span class='ocrx_word' id='word_1_65' title='bbox 461 851 543 895; x_wconf 71' lang='lat'><strong>522.</strong></span> 
     </span>
    </p>

    <p class='ocr_par' dir='ltr' id='par_1_3' title="bbox 202 914 1623 1116">
     <span class='ocr_line' id='line_1_11' title="bbox 281 914 1623 980; baseline -0.001 -15"><span class='ocrx_word' id='word_1_66' title='bbox 281 918 451 965; x_wconf 90' lang='lat' dir='ltr'><strong>Innoc.</strong></span> <span class='ocrx_word' id='word_1_67' title='bbox 488 918 529 965; x_wconf 93' lang='lat' dir='ltr'><strong>I.</strong></span> <span class='ocrx_word' id='word_1_68' title='bbox 566 914 720 980; x_wconf 83' lang='lat' dir='ltr'>Epist.</span> <span class='ocrx_word' id='word_1_69' title='bbox 757 915 903 963; x_wconf 62' lang='lat' dir='ltr'><strong>aad</strong></span> <span class='ocrx_word' id='word_1_70' title='bbox 939 917 1146 980; x_wconf 87' lang='lat' dir='ltr'><strong>probum</strong></span> <span class='ocrx_word' id='word_1_71' title='bbox 1194 914 1313 964; x_wconf 87' lang='lat' dir='ltr'><strong>dicit</strong></span> <span class='ocrx_word' id='word_1_72' title='bbox 1347 918 1623 978; x_wconf 60' lang='lat' dir='ltr'><strong>coujuyium</strong></span> 
     </span>
     <span class='ocr_line' id='line_1_12' title="bbox 215 984 883 1048; baseline -0.001 -16"><span class='ocrx_word' id='word_1_73' title='bbox 215 985 382 1033; x_wconf 78' lang='lat' dir='ltr'><strong>divina</strong></span> <span class='ocrx_word' id='word_1_74' title='bbox 415 985 591 1032; x_wconf 74' lang='lat' dir='ltr'><strong>Gratia</strong></span> <span class='ocrx_word' id='word_1_75' title='bbox 598 984 883 1048; x_wconf 78' lang='lat' dir='ltr'><strong>fundatum.</strong></span> 
     </span>
     <span class='ocr_line' id='line_1_13' title="bbox 202 1051 1589 1116; baseline -0.004 -16"><span class='ocrx_word' id='word_1_76' title='bbox 202 1092 205 1094; x_wconf 86' lang='grc'>.</span> <span class='ocrx_word' id='word_1_77' title='bbox 276 1052 415 1100; x_wconf 87' lang='lat' dir='ltr'>Idem</span> <span class='ocrx_word' id='word_1_78' title='bbox 439 1055 612 1116; x_wconf 86' lang='lat' dir='ltr'><strong>probat</strong></span> <span class='ocrx_word' id='word_1_79' title='bbox 637 1051 782 1099; x_wconf 88' lang='lat' dir='ltr'><strong>modo</strong></span> <span class='ocrx_word' id='word_1_80' title='bbox 806 1051 1030 1100; x_wconf 86' lang='lat' dir='ltr'><strong>laudatus</strong></span> <span class='ocrx_word' id='word_1_81' title='bbox 1058 1053 1106 1101; x_wconf 81' lang='lat' dir='ltr'><strong>S.</strong></span> <span class='ocrx_word' id='word_1_82' title='bbox 1138 1051 1383 1104; x_wconf 75' lang='lat' dir='ltr'>Ambrosii</span> <span class='ocrx_word' id='word_1_83' title='bbox 1409 1061 1589 1100; x_wconf 84' lang='lat' dir='ltr'><strong>textus.</strong></span> 
     </span>
    </p>

    <p class='ocr_par' dir='ltr' id='par_1_4' title="bbox 186 1118 1623 2865">
     <span class='ocr_line' id='line_1_14' title="bbox 279 1118 1623 1185; baseline -0.001 -16"><span class='ocrx_word' id='word_1_84' title='bbox 279 1122 332 1169; x_wconf 89' lang='lat' dir='ltr'><strong>S.</strong></span> <span class='ocrx_word' id='word_1_85' title='bbox 356 1124 487 1184; x_wconf 87' lang='lat' dir='ltr'><strong>Aug.</strong></span> <span class='ocrx_word' id='word_1_86' title='bbox 508 1120 560 1177; x_wconf 87' lang='lat' dir='ltr'><strong>in</strong></span> <span class='ocrx_word' id='word_1_87' title='bbox 583 1118 695 1167; x_wconf 88' lang='lat' dir='ltr'><strong>Lib.</strong></span> <span class='ocrx_word' id='word_1_88' title='bbox 735 1120 797 1167; x_wconf 90' lang='lat' dir='ltr'><strong>de</strong></span> <span class='ocrx_word' id='word_1_89' title='bbox 823 1121 961 1167; x_wconf 87' lang='lat' dir='ltr'><strong>Bono</strong></span> <span class='ocrx_word' id='word_1_90' title='bbox 999 1120 1258 1185; x_wconf 83' lang='lat' dir='ltr'><strong>conjugali,</strong></span> <span class='ocrx_word' id='word_1_91' title='bbox 1297 1131 1346 1168; x_wconf 87' lang='lat' dir='ltr'><strong>et</strong></span> <span class='ocrx_word' id='word_1_92' title='bbox 1369 1121 1417 1167; x_wconf 86' lang='lat' dir='ltr'><strong>in</strong></span> <span class='ocrx_word' id='word_1_93' title='bbox 1454 1120 1539 1168; x_wconf 85' lang='lat' dir='ltr'><strong>lib.</strong></span> <span class='ocrx_word' id='word_1_94' title='bbox 1580 1126 1623 1169; x_wconf 88' lang='grc'><strong>1.</strong></span> 
     </span>
     <span class='ocr_line' id='line_1_15' title="bbox 203 1187 1620 1252; baseline -0.001 -15"><span class='ocrx_word' id='word_1_95' title='bbox 203 1189 272 1247; x_wconf 69' lang='lat' dir='ltr'><strong>,de</strong></span> <span class='ocrx_word' id='word_1_96' title='bbox 300 1189 494 1252; x_wconf 83' lang='lat' dir='ltr'><strong>Nuptiis</strong></span> <span class='ocrx_word' id='word_1_97' title='bbox 520 1198 569 1237; x_wconf 90' lang='lat' dir='ltr'><strong>et</strong></span> <span class='ocrx_word' id='word_1_98' title='bbox 604 1187 1016 1251; x_wconf 81' lang='lat' dir='ltr'><strong>Concupiscentia</strong></span> <span class='ocrx_word' id='word_1_99' title='bbox 1051 1190 1198 1236; x_wconf 85' lang='lat' dir='ltr'><strong>docet</strong></span> <span class='ocrx_word' id='word_1_100' title='bbox 1238 1192 1307 1236; x_wconf 82' lang='lat'><strong>10·</strong></span> <span class='ocrx_word' id='word_1_101' title='bbox 1331 1191 1384 1236; x_wconf 77' lang='lat' dir='ltr'><strong>in</strong></span> <span class='ocrx_word' id='word_1_102' title='bbox 1415 1189 1620 1236; x_wconf 43' lang='lat' dir='ltr'><strong>Christi*</strong></span> 
     </span>
     <span class='ocr_line' id='line_1_16' title="bbox 208 1255 1622 1321; baseline 0.001 -20"><span class='ocrx_word' id='word_1_103' title='bbox 208 1273 415 1304; x_wconf 65' lang='lat' dir='ltr'><strong>,anorum</strong></span> <span class='ocrx_word' id='word_1_104' title='bbox 449 1259 629 1321; x_wconf 74' lang='lat' dir='ltr'><strong>nuptiis</strong></span> <span class='ocrx_word' id='word_1_105' title='bbox 664 1255 871 1303; x_wconf 85' lang='lat' dir='ltr'><strong>conferri</strong></span> <span class='ocrx_word' id='word_1_106' title='bbox 896 1259 1189 1304; x_wconf 74' lang='lat' dir='ltr'><em>sanctitatem</em></span> <span class='ocrx_word' id='word_1_107' title='bbox 1208 1259 1288 1303; x_wconf 80' lang='lat'><strong>2⁰·</strong></span> <span class='ocrx_word' id='word_1_108' title='bbox 1315 1257 1622 1305; x_wconf 84' lang='lat' dir='ltr'><strong>Matrimoni-</strong></span> 
     </span>
     <span class='ocr_line' id='line_1_17' title="bbox 202 1324 1621 1388; baseline -0.002 -14"><span class='ocrx_word' id='word_1_109' title='bbox 202 1342 291 1376; x_wconf 69' lang='lat' dir='ltr'><strong>um</strong></span> <span class='ocrx_word' id='word_1_110' title='bbox 325 1324 868 1388; x_wconf 83' lang='lat' dir='ltr'><strong>comparat-Baptissmo</strong></span> <span class='ocrx_word' id='word_1_111' title='bbox 888 1334 936 1372; x_wconf 90' lang='lat' dir='ltr'><strong>et</strong></span> <span class='ocrx_word' id='word_1_112' title='bbox 961 1341 1110 1372; x_wconf 85' lang='lat' dir='ltr'><strong>sacrae</strong></span> <span class='ocrx_word' id='word_1_113' title='bbox 1153 1325 1474 1382; x_wconf 88' lang='lat' dir='ltr'><strong>Ordinationi,</strong></span> <span class='ocrx_word' id='word_1_114' title='bbox 1512 1340 1621 1388; x_wconf 75' lang='lat' dir='ltr'><strong>quae</strong></span> 
     </span>
     <span class='ocr_line' id='line_1_18' title="bbox 202 1392 1622 1456; baseline -0.001 -17"><span class='ocrx_word' id='word_1_115' title='bbox 202 1409 324 1456; x_wconf 16' lang='lat' dir='ltr'><strong>‘vera</strong></span> <span class='ocrx_word' id='word_1_116' title='bbox 357 1404 469 1441; x_wconf 77' lang='lat' dir='ltr'><strong>sunt</strong></span> <span class='ocrx_word' id='word_1_117' title='bbox 510 1392 706 1440; x_wconf 86' lang='lat' dir='ltr'><strong>indubie</strong></span> <span class='ocrx_word' id='word_1_118' title='bbox 744 1393 1073 1441; x_wconf 80' lang='lat' dir='ltr'><strong>Sacramenta.</strong></span> <span class='ocrx_word' id='word_1_119' title='bbox 1145 1395 1220 1440; x_wconf 80' lang='lat'><strong>3⁰·</strong></span> <span class='ocrx_word' id='word_1_120' title='bbox 1249 1394 1327 1440; x_wconf 82' lang='lat' dir='ltr'><strong>Ex</strong></span> <span class='ocrx_word' id='word_1_121' title='bbox 1366 1393 1448 1441; x_wconf 88' lang='lat' dir='ltr'><strong>illa</strong></span> <span class='ocrx_word' id='word_1_122' title='bbox 1488 1408 1622 1439; x_wconf 87' lang='lat' dir='ltr'><strong>com-</strong></span> 
     </span>
     <span class='ocr_line' id='line_1_19' title="bbox 206 1458 1620 1524; baseline 0.001 -17"><span class='ocrx_word' id='word_1_123' title='bbox 206 1461 457 1524; x_wconf 84' lang='lat' dir='ltr'><strong>paratione</strong></span> <span class='ocrx_word' id='word_1_124' title='bbox 483 1459 733 1509; x_wconf 86' lang='lat' dir='ltr'><strong>concludit</strong></span> <span class='ocrx_word' id='word_1_125' title='bbox 757 1476 869 1509; x_wconf 22' lang='lat' dir='ltr'><strong>*non</strong></span> <span class='ocrx_word' id='word_1_126' title='bbox 909 1461 1059 1524; x_wconf 84' lang='lat' dir='ltr'><strong>magis</strong></span> <span class='ocrx_word' id='word_1_127' title='bbox 1099 1458 1146 1507; x_wconf 91' lang='lat' dir='ltr'><strong>in</strong></span> <span class='ocrx_word' id='word_1_128' title='bbox 1174 1461 1311 1524; x_wconf 77' lang='lat' dir='ltr'><strong>Lege</strong></span> <span class='ocrx_word' id='word_1_129' title='bbox 1334 1461 1620 1523; x_wconf 64' lang='lat' dir='ltr'><strong>&gt;evangelica</strong></span> 
     </span>
     <span class='ocr_line' id='line_1_20' title="bbox 207 1527 1617 1592; baseline 0 -17"><span class='ocrx_word' id='word_1_130' title='bbox 207 1528 327 1576; x_wconf 86' lang='lat' dir='ltr'><strong>solvi</strong></span> <span class='ocrx_word' id='word_1_131' title='bbox 368 1545 509 1592; x_wconf 87' lang='lat' dir='ltr'><strong>posse</strong></span> <span class='ocrx_word' id='word_1_132' title='bbox 557 1527 941 1583; x_wconf 80' lang='lat' dir='ltr'><strong>Matrimonium,</strong></span> <span class='ocrx_word' id='word_1_133' title='bbox 991 1528 1262 1584; x_wconf 80' lang='lat' dir='ltr'><strong>viventibus</strong></span> <span class='ocrx_word' id='word_1_134' title='bbox 1310 1529 1617 1591; x_wconf 80' lang='lat' dir='ltr'><strong>conjugibus,</strong></span> 
     </span>
     <span class='ocr_line' id='line_1_21' title="bbox 202 1595 1617 1660; baseline -0.001 -16"><span class='ocrx_word' id='word_1_135' title='bbox 202 1613 352 1660; x_wconf 47' lang='lat' dir='ltr'><strong>&gt;quam</strong></span> <span class='ocrx_word' id='word_1_136' title='bbox 389 1596 509 1643; x_wconf 90' lang='lat' dir='ltr'><strong>solvi</strong></span> <span class='ocrx_word' id='word_1_137' title='bbox 554 1595 703 1658; x_wconf 84' lang='lat' dir='ltr'><strong>possit</strong></span> <span class='ocrx_word' id='word_1_138' title='bbox 748 1612 836 1659; x_wconf 89' lang='lat' dir='ltr'><strong>per</strong></span> <span class='ocrx_word' id='word_1_139' title='bbox 880 1595 1167 1659; x_wconf 81' lang='lat' dir='ltr'><strong>apostasiam</strong></span> <span class='ocrx_word' id='word_1_140' title='bbox 1206 1596 1500 1659; x_wconf 83' lang='lat' dir='ltr'><strong>Bap·tismuS‚</strong></span> <span class='ocrx_word' id='word_1_141' title='bbox 1536 1597 1617 1643; x_wconf 86' lang='lat' dir='ltr'><strong>vel</strong></span> 
     </span>
     <span class='ocr_line' id='line_1_22' title="bbox 192 1661 1617 1727; baseline -0.001 -15"><span class='ocrx_word' id='word_1_142' title='bbox 192 1664 464 1712; x_wconf 76' lang='lat' dir='ltr'><strong>‚Ordinatio</strong></span> <span class='ocrx_word' id='word_1_143' title='bbox 509 1680 598 1727; x_wconf 90' lang='lat' dir='ltr'><strong>per</strong></span> <span class='ocrx_word' id='word_1_144' title='bbox 642 1661 1038 1725; x_wconf 83' lang='lat' dir='ltr'><strong>suspensionem:</strong></span> <span class='ocrx_word' id='word_1_145' title='bbox 1076 1680 1182 1726; x_wconf 86' lang='lat' dir='ltr'><strong>quae</strong></span> <span class='ocrx_word' id='word_1_146' title='bbox 1230 1664 1423 1725; x_wconf 84' lang='lat' dir='ltr'><strong>quidem</strong></span> <span class='ocrx_word' id='word_1_147' title='bbox 1471 1680 1617 1727; x_wconf 86' lang='lat' dir='ltr'><strong>argu-</strong></span> 
     </span>
     <span class='ocr_line' id='line_1_23' title="bbox 205 1731 1619 1795; baseline 0 -17"><span class='ocrx_word' id='word_1_148' title='bbox 205 1731 438 1789; x_wconf 81' lang='lat' dir='ltr'><strong>mentatio</strong></span> <span class='ocrx_word' id='word_1_149' title='bbox 475 1747 644 1780; x_wconf 85' lang='lat' dir='ltr'><strong>manca</strong></span> <span class='ocrx_word' id='word_1_150' title='bbox 667 1747 862 1795; x_wconf 82' lang='lat' dir='ltr'><strong>prorsus</strong></span> <span class='ocrx_word' id='word_1_151' title='bbox 885 1731 1028 1788; x_wconf 86' lang='lat' dir='ltr'><strong>foret,</strong></span> <span class='ocrx_word' id='word_1_152' title='bbox 1061 1732 1100 1779; x_wconf 88' lang='lat' dir='ltr'><strong>si</strong></span> <span class='ocrx_word' id='word_1_153' title='bbox 1124 1732 1494 1786; x_wconf 83' lang='lat' dir='ltr'><strong>Matrimonium</strong></span> <span class='ocrx_word' id='word_1_154' title='bbox 1519 1748 1619 1779; x_wconf 81' lang='lat' dir='ltr'><strong>non</strong></span> 
     </span>
     <span class='ocr_line' id='line_1_24' title="bbox 206 1799 1617 1896; baseline -0.001 -48"><span class='ocrx_word' id='word_1_155' title='bbox 206 1810 334 1849; x_wconf 88' lang='lat' dir='ltr'><strong>esset</strong></span> <span class='ocrx_word' id='word_1_156' title='bbox 360 1804 488 1847; x_wconf 87' lang='lat' dir='ltr'><strong>vere</strong></span> <span class='ocrx_word' id='word_1_157' title='bbox 528 1815 587 1848; x_wconf 87' lang='lat' dir='ltr'><strong>ac</strong></span> <span class='ocrx_word' id='word_1_158' title='bbox 628 1799 821 1863; x_wconf 84' lang='lat' dir='ltr'><strong>proprie</strong></span> <span class='ocrx_word' id='word_1_159' title='bbox 872 1799 1253 1896; x_wconf 84' lang='lat' dir='ltr'><strong>Sacramentum,</strong></span> <span class='ocrx_word' id='word_1_160' title='bbox 1296 1800 1384 1849; x_wconf 87' lang='lat' dir='ltr'><strong>sed</strong></span> <span class='ocrx_word' id='word_1_161' title='bbox 1424 1811 1617 1855; x_wconf 81' lang='lat' dir='ltr'><strong>tantum</strong></span> 
     </span>
     <span class='ocr_line' id='line_1_25' title="bbox 200 1867 544 1916; baseline 0.003 -1"><span class='ocrx_word' id='word_1_162' title='bbox 200 1867 360 1916; x_wconf 86' lang='lat' dir='ltr'><strong>latiori</strong></span> <span class='ocrx_word' id='word_1_163' title='bbox 385 1884 544 1916; x_wconf 86' lang='lat' dir='ltr'><strong>sensu.</strong></span> 
     </span>
     <span class='ocr_line' id='line_1_26' title="bbox 194 1899 1615 1998; baseline -0.001 -14"><span class='ocrx_word' id='word_1_164' title='bbox 194 1987 200 1995; x_wconf 46' lang='lat'><em>„</em></span> <span class='ocrx_word' id='word_1_165' title='bbox 271 1936 503 1984; x_wconf 81' lang='lat' dir='ltr'><strong>Probatio</strong></span> <span class='ocrx_word' id='word_1_166' title='bbox 528 1938 607 1982; x_wconf 83' lang='lat'><strong>30·</strong></span> <span class='ocrx_word' id='word_1_167' title='bbox 642 1952 698 1982; x_wconf 62' lang='grc' dir='ltr'><strong>θα)</strong></span> <span class='ocrx_word' id='word_1_168' title='bbox 720 1952 811 1983; x_wconf 80' lang='lat' dir='ltr'><strong>usu</strong></span> <span class='ocrx_word' id='word_1_169' title='bbox 825 1942 1056 1998; x_wconf 73' lang='lat' dir='ltr'><strong>perpetuo</strong></span> <span class='ocrx_word' id='word_1_170' title='bbox 1080 1899 1325 1989; x_wconf 68' lang='lat' dir='ltr'><strong>Ecclesiae.</strong></span> <span class='ocrx_word' id='word_1_171' title='bbox 1397 1935 1456 1982; x_wconf 90' lang='lat' dir='ltr'><strong>Id</strong></span> <span class='ocrx_word' id='word_1_172' title='bbox 1481 1936 1615 1997; x_wconf 86' lang='lat' dir='ltr'><strong>quod</strong></span> 
     </span>
     <span class='ocr_line' id='line_1_27' title="bbox 207 2002 1614 2067; baseline 0 -17"><span class='ocrx_word' id='word_1_173' title='bbox 207 2006 352 2067; x_wconf 86' lang='lat' dir='ltr'><strong>longe</strong></span> <span class='ocrx_word' id='word_1_174' title='bbox 390 2015 503 2050; x_wconf 85' lang='lat' dir='ltr'><strong>ante</strong></span> <span class='ocrx_word' id='word_1_175' title='bbox 551 2012 687 2050; x_wconf 87' lang='lat' dir='ltr'><strong>natas</strong></span> <span class='ocrx_word' id='word_1_176' title='bbox 711 2002 917 2049; x_wconf 88' lang='lat' dir='ltr'><strong>Lutheri</strong></span> <span class='ocrx_word' id='word_1_177' title='bbox 958 2013 1006 2050; x_wconf 87' lang='lat' dir='ltr'><strong>et</strong></span> <span class='ocrx_word' id='word_1_178' title='bbox 1045 2002 1235 2051; x_wconf 88' lang='lat' dir='ltr'><strong>Calvini</strong></span> <span class='ocrx_word' id='word_1_179' title='bbox 1275 2004 1482 2052; x_wconf 79' lang='lat' dir='ltr'><strong>haereses</strong></span> <span class='ocrx_word' id='word_1_180' title='bbox 1531 2004 1614 2050; x_wconf 89' lang='lat' dir='ltr'><strong>uni</strong></span> 
     </span>
     <span class='ocr_line' id='line_1_28' title="bbox 205 2068 1612 2135; baseline -0.001 -17"><span class='ocrx_word' id='word_1_181' title='bbox 205 2087 342 2119; x_wconf 83' lang='lat' dir='ltr'><strong>versa</strong></span> <span class='ocrx_word' id='word_1_182' title='bbox 366 2072 563 2118; x_wconf 89' lang='lat' dir='ltr'><strong>tenebat</strong></span> <span class='ocrx_word' id='word_1_183' title='bbox 588 2069 826 2127; x_wconf 86' lang='lat' dir='ltr'><strong>Ecclesia,</strong></span> <span class='ocrx_word' id='word_1_184' title='bbox 862 2068 952 2118; x_wconf 87' lang='lat' dir='ltr'><strong>nisi</strong></span> <span class='ocrx_word' id='word_1_185' title='bbox 991 2069 1118 2118; x_wconf 89' lang='lat' dir='ltr'><strong>illius</strong></span> <span class='ocrx_word' id='word_1_186' title='bbox 1155 2070 1343 2119; x_wconf 85' lang='lat' dir='ltr'><strong>initium</strong></span> <span class='ocrx_word' id='word_1_187' title='bbox 1378 2072 1612 2135; x_wconf 87' lang='lat' dir='ltr'><strong>assignari</strong></span> 
     </span>
     <span class='ocr_line' id='line_1_29' title="bbox 203 2137 1613 2203; baseline 0 -17"><span class='ocrx_word' id='word_1_188' title='bbox 203 2138 370 2203; x_wconf 86' lang='lat' dir='ltr'><strong>possit,</strong></span> <span class='ocrx_word' id='word_1_189' title='bbox 432 2138 724 2186; x_wconf 86' lang='lat' dir='ltr'><strong>Traditionis</strong></span> <span class='ocrx_word' id='word_1_190' title='bbox 780 2137 1059 2202; x_wconf 74' lang='lat' dir='ltr'><strong>apostolicae</strong></span> <span class='ocrx_word' id='word_1_191' title='bbox 1120 2139 1294 2187; x_wconf 82' lang='lat' dir='ltr'><strong>merito</strong></span> <span class='ocrx_word' id='word_1_192' title='bbox 1351 2150 1613 2196; x_wconf 86' lang='lat' dir='ltr'><strong>censetur;</strong></span> 
     </span>
     <span class='ocr_line' id='line_1_30' title="bbox 203 2205 1608 2272; baseline 0.004 -19"><span class='ocrx_word' id='word_1_193' title='bbox 203 2223 363 2272; x_wconf 87' lang='lat' dir='ltr'><strong>neque</strong></span> <span class='ocrx_word' id='word_1_194' title='bbox 403 2206 529 2254; x_wconf 87' lang='lat' dir='ltr'><strong>enim</strong></span> <span class='ocrx_word' id='word_1_195' title='bbox 569 2216 670 2254; x_wconf 89' lang='lat' dir='ltr'><strong>tota</strong></span> <span class='ocrx_word' id='word_1_196' title='bbox 698 2205 922 2260; x_wconf 82' lang='lat' dir='ltr'><strong>Ecclesia</strong></span> <span class='ocrx_word' id='word_1_197' title='bbox 943 2206 1015 2253; x_wconf 90' lang='lat' dir='ltr'><strong>sic</strong></span> <span class='ocrx_word' id='word_1_198' title='bbox 1056 2222 1085 2254; x_wconf 86' lang='lat' dir='ltr'><strong>a</strong></span> <span class='ocrx_word' id='word_1_199' title='bbox 1108 2207 1217 2255; x_wconf 90' lang='lat' dir='ltr'><strong>Deo</strong></span> <span class='ocrx_word' id='word_1_200' title='bbox 1258 2218 1420 2271; x_wconf 85' lang='lat' dir='ltr'><strong>potest</strong></span> <span class='ocrx_word' id='word_1_201' title='bbox 1467 2208 1608 2259; x_wconf 69' lang='lat' dir='ltr'><strong>dere,-</strong></span> 
     </span>
     <span class='ocr_line' id='line_1_31' title="bbox 200 2273 1606 2339; baseline 0.001 -17"><span class='ocrx_word' id='word_1_202' title='bbox 200 2274 352 2339; x_wconf 84' lang='lat' dir='ltr'><strong>linqui</strong></span> <span class='ocrx_word' id='word_1_203' title='bbox 388 2285 441 2322; x_wconf 86' lang='lat' dir='ltr'><strong>ut</strong></span> <span class='ocrx_word' id='word_1_204' title='bbox 477 2274 619 2322; x_wconf 87' lang='lat' dir='ltr'><strong>ritum</strong></span> <span class='ocrx_word' id='word_1_205' title='bbox 656 2290 788 2322; x_wconf 84' lang='lat' dir='ltr'><strong>mere</strong></span> <span class='ocrx_word' id='word_1_206' title='bbox 828 2273 1082 2338; x_wconf 88' lang='lat' dir='ltr'><strong>profanum</strong></span> <span class='ocrx_word' id='word_1_207' title='bbox 1119 2275 1245 2323; x_wconf 88' lang='lat' dir='ltr'><strong>inter</strong></span> <span class='ocrx_word' id='word_1_208' title='bbox 1290 2277 1606 2325; x_wconf 86' lang='lat' dir='ltr'><strong>Sacramenta</strong></span> 
     </span>
     <span class='ocr_line' id='line_1_32' title="bbox 200 2342 1609 2406; baseline 0 -15"><span class='ocrx_word' id='word_1_209' title='bbox 200 2353 467 2399; x_wconf 78' lang='lat' dir='ltr'><strong>recenseat.</strong></span> <span class='ocrx_word' id='word_1_210' title='bbox 536 2342 690 2406; x_wconf 88' lang='lat' dir='ltr'><strong>Atqui</strong></span> <span class='ocrx_word' id='word_1_211' title='bbox 714 2342 860 2406; x_wconf 87' lang='lat' dir='ltr'><strong>longe</strong></span> <span class='ocrx_word' id='word_1_212' title='bbox 883 2352 995 2390; x_wconf 89' lang='lat' dir='ltr'><strong>ante</strong></span> <span class='ocrx_word' id='word_1_213' title='bbox 1030 2351 1166 2392; x_wconf 87' lang='lat' dir='ltr'><strong>natas</strong></span> <span class='ocrx_word' id='word_1_214' title='bbox 1189 2343 1394 2393; x_wconf 86' lang='lat' dir='ltr'><strong>Lutheri</strong></span> <span class='ocrx_word' id='word_1_215' title='bbox 1421 2354 1471 2392; x_wconf 89' lang='lat' dir='ltr'><strong>et</strong></span> <span class='ocrx_word' id='word_1_216' title='bbox 1496 2345 1609 2396; x_wconf 89' lang='lat' dir='ltr'><strong>Cal-</strong></span> 
     </span>
     <span class='ocr_line' id='line_1_33' title="bbox 199 2409 1604 2461; baseline 0.001 -2"><span class='ocrx_word' id='word_1_217' title='bbox 199 2411 295 2459; x_wconf 86' lang='lat' dir='ltr'><strong>vini</strong></span> <span class='ocrx_word' id='word_1_218' title='bbox 320 2410 525 2459; x_wconf 75' lang='lat' dir='ltr'><strong>haereses</strong></span> <span class='ocrx_word' id='word_1_219' title='bbox 564 2410 787 2459; x_wconf 80' lang='lat' dir='ltr'><strong>universa</strong></span> <span class='ocrx_word' id='word_1_220' title='bbox 823 2409 1049 2458; x_wconf 82' lang='lat' dir='ltr'><strong>Ecclesia</strong></span> <span class='ocrx_word' id='word_1_221' title='bbox 1085 2420 1190 2460; x_wconf 87' lang='lat' dir='ltr'><strong>tum</strong></span> <span class='ocrx_word' id='word_1_222' title='bbox 1213 2412 1458 2460; x_wconf 86' lang='lat' dir='ltr'><strong>orientalis</strong></span> <span class='ocrx_word' id='word_1_223' title='bbox 1499 2423 1604 2461; x_wconf 86' lang='lat' dir='ltr'><strong>tum</strong></span> 
     </span>
     <span class='ocr_line' id='line_1_34' title="bbox 200 2477 1605 2536; baseline 0 -8"><span class='ocrx_word' id='word_1_224' title='bbox 200 2477 531 2536; x_wconf 77' lang='lat' dir='ltr'><strong>occidentalis,</strong></span> <span class='ocrx_word' id='word_1_225' title='bbox 580 2477 949 2535; x_wconf 78' lang='lat' dir='ltr'><strong>Matrimonium</strong></span> <span class='ocrx_word' id='word_1_226' title='bbox 995 2478 1163 2527; x_wconf 84' lang='lat' dir='ltr'><strong>habuit</strong></span> <span class='ocrx_word' id='word_1_227' title='bbox 1210 2490 1265 2528; x_wconf 85' lang='lat' dir='ltr'><strong>ut</strong></span> <span class='ocrx_word' id='word_1_228' title='bbox 1318 2480 1605 2528; x_wconf 80' lang='lat' dir='ltr'><strong>Sacramen-</strong></span> 
     </span>
     <span class='ocr_line' id='line_1_35' title="bbox 186 2545 1607 2625; baseline 0.002 -31"><span class='ocrx_word' id='word_1_229' title='bbox 186 2558 301 2595; x_wconf 88' lang='lat' dir='ltr'><strong>tum</strong></span> <span class='ocrx_word' id='word_1_230' title='bbox 339 2546 530 2611; x_wconf 85' lang='lat' dir='ltr'><strong>proprie</strong></span> <span class='ocrx_word' id='word_1_231' title='bbox 570 2545 771 2605; x_wconf 89' lang='lat' dir='ltr'><strong>dictum,</strong></span> <span class='ocrx_word' id='word_1_232' title='bbox 808 2556 862 2595; x_wconf 84' lang='lat' dir='ltr'><strong>ut</strong></span> <span class='ocrx_word' id='word_1_233' title='bbox 886 2557 1076 2595; x_wconf 86' lang='lat' dir='ltr'><strong>constat</strong></span> <span class='ocrx_word' id='word_1_234' title='bbox 1114 2563 1176 2596; x_wconf 86' lang='lat' dir='ltr'><strong>ex</strong></span> <span class='ocrx_word' id='word_1_235' title='bbox 1201 2548 1520 2625; x_wconf 78' lang='lat' dir='ltr'><strong>Euchologiis</strong></span> <span class='ocrx_word' id='word_1_236' title='bbox 1555 2558 1607 2599; x_wconf 85' lang='lat' dir='ltr'><strong>et</strong></span> 
     </span>
     <span class='ocr_line' id='line_1_36' title="bbox 201 2614 1604 2678; baseline 0.002 -16"><span class='ocrx_word' id='word_1_237' title='bbox 201 2615 474 2662; x_wconf 88' lang='lat' dir='ltr'><strong>Ritualibus</strong></span> <span class='ocrx_word' id='word_1_238' title='bbox 517 2614 762 2678; x_wconf 88' lang='lat' dir='ltr'><strong>utriusque</strong></span> <span class='ocrx_word' id='word_1_239' title='bbox 802 2614 1054 2672; x_wconf 87' lang='lat' dir='ltr'><strong>Ecclesiae,</strong></span> <span class='ocrx_word' id='word_1_240' title='bbox 1091 2630 1292 2677; x_wconf 83' lang='lat' dir='ltr'><strong>quorum</strong></span> <span class='ocrx_word' id='word_1_241' title='bbox 1337 2616 1511 2665; x_wconf 87' lang='lat' dir='ltr'><strong>seriem</strong></span> <span class='ocrx_word' id='word_1_242' title='bbox 1554 2626 1604 2665; x_wconf 86' lang='lat' dir='ltr'><strong>et</strong></span> 
     </span>
     <span class='ocr_line' id='line_1_37' title="bbox 200 2680 1603 2758; baseline 0.001 -28"><span class='ocrx_word' id='word_1_243' title='bbox 200 2682 477 2758; x_wconf 82' lang='lat' dir='ltr'><strong>catalogum</strong></span> <span class='ocrx_word' id='word_1_244' title='bbox 511 2680 731 2746; x_wconf 85' lang='lat' dir='ltr'><strong>improbo</strong></span> <span class='ocrx_word' id='word_1_245' title='bbox 773 2682 973 2747; x_wconf 79' lang='lat' dir='ltr'><strong>collegit.</strong></span> <span class='ocrx_word' id='word_1_246' title='bbox 995 2683 1177 2741; x_wconf 85' lang='lat' dir='ltr'><strong>labore,</strong></span> <span class='ocrx_word' id='word_1_247' title='bbox 1214 2695 1261 2732; x_wconf 91' lang='lat' dir='ltr'><strong>et</strong></span> <span class='ocrx_word' id='word_1_248' title='bbox 1303 2684 1603 2748; x_wconf 83' lang='lat' dir='ltr'><strong>singulorum</strong></span> 
     </span>
     <span class='ocr_line' id='line_1_38' title="bbox 187 2747 1598 2807; baseline 0 -10"><span class='ocrx_word' id='word_1_249' title='bbox 187 2748 472 2807; x_wconf 69' lang='lat' dir='ltr'><strong>¹testimonia</strong></span> <span class='ocrx_word' id='word_1_250' title='bbox 510 2749 657 2798; x_wconf 85' lang='lat' dir='ltr'><strong>refert</strong></span> <span class='ocrx_word' id='word_1_251' title='bbox 696 2750 928 2801; x_wconf 84' lang='lat' dir='ltr'><strong>Gibertus</strong></span> <span class='ocrx_word' id='word_1_252' title='bbox 968 2751 1017 2798; x_wconf 90' lang='lat' dir='ltr'><strong>in</strong></span> <span class='ocrx_word' id='word_1_253' title='bbox 1057 2768 1146 2800; x_wconf 87' lang='lat' dir='ltr'><strong>sua</strong></span> <span class='ocrx_word' id='word_1_254' title='bbox 1185 2747 1251 2801; x_wconf 67' lang='grc' dir='ltr'><strong>ἀὲ·</strong></span> <span class='ocrx_word' id='word_1_255' title='bbox 1283 2752 1598 2805; x_wconf 87' lang='lat' dir='ltr'><strong>Matrimonio</strong></span> 
     </span>
     <span class='ocr_line' id='line_1_39' title="bbox 197 2816 983 2870; baseline 0 -5"><span class='ocrx_word' id='word_1_256' title='bbox 197 2816 416 2865; x_wconf 84' lang='lat' dir='ltr'><strong>Historia</strong></span> <span class='ocrx_word' id='word_1_257' title='bbox 438 2826 556 2870; x_wconf 87' lang='lat' dir='ltr'><strong>tom.</strong></span> <span class='ocrx_word' id='word_1_258' title='bbox 580 2821 622 2866; x_wconf 91' lang='lat'><strong>1.</strong></span> <span class='ocrx_word' id='word_1_259' title='bbox 981 2844 983 2846; x_wconf 33' lang='lat' dir='ltr'>v</span> 
     </span>
    </p>

    <p class='ocr_par' dir='ltr' id='par_1_5' title="bbox 201 2884 1603 3016">
     <span class='ocr_line' id='line_1_40' title="bbox 265 2884 1603 2953; baseline 0.002 -20"><span class='ocrx_word' id='word_1_260' title='bbox 265 2884 496 2939; x_wconf 70' lang='lat' dir='ltr'><strong>Probatio</strong></span> <span class='ocrx_word' id='word_1_261' title='bbox 519 2889 585 2932; x_wconf 76' lang='lat'><strong>4⁰·</strong></span> <span class='ocrx_word' id='word_1_262' title='bbox 628 2902 685 2933; x_wconf 62' lang='grc' dir='ltr'><strong>εκ</strong></span> <span class='ocrx_word' id='word_1_263' title='bbox 728 2887 966 2936; x_wconf 71' lang='lat' dir='ltr'><strong>conciliis.</strong></span> <span class='ocrx_word' id='word_1_264' title='bbox 1034 2888 1367 2953; x_wconf 85' lang='lat' dir='ltr'><strong>Lugdunense</strong></span> <span class='ocrx_word' id='word_1_265' title='bbox 1402 2889 1448 2936; x_wconf 75' lang='lat'><strong>2.</strong></span> <span class='ocrx_word' id='word_1_266' title='bbox 1474 2902 1603 2936; x_wconf 85' lang='lat' dir='ltr'><strong>anno</strong></span> 
     </span>
     <span class='ocr_line' id='line_1_41' title="bbox 201 2953 1601 3016; baseline 0.001 -15"><span class='ocrx_word' id='word_1_267' title='bbox 201 2955 345 3005; x_wconf 74' lang='lat'><strong>1274.</strong></span> <span class='ocrx_word' id='word_1_268' title='bbox 386 2953 459 3000; x_wconf 81' lang='lat' dir='ltr'><strong>in</strong></span> <span class='ocrx_word' id='word_1_269' title='bbox 474 2969 571 3016; x_wconf 88' lang='lat' dir='ltr'><strong>quo</strong></span> <span class='ocrx_word' id='word_1_270' title='bbox 604 2953 889 3005; x_wconf 83' lang='lat' dir='ltr'><strong>Graecorum</strong></span> <span class='ocrx_word' id='word_1_271' title='bbox 932 2971 1044 3005; x_wconf 86' lang='lat' dir='ltr'><strong>cum</strong></span> <span class='ocrx_word' id='word_1_272' title='bbox 1085 2956 1271 3011; x_wconf 76' lang='lat' dir='ltr'><strong>Latinis</strong></span> <span class='ocrx_word' id='word_1_273' title='bbox 1319 2955 1431 3005; x_wconf 88' lang='lat' dir='ltr'><strong>unio</strong></span> <span class='ocrx_word' id='word_1_274' title='bbox 1467 2956 1601 3006; x_wconf 81' lang='lat' dir='ltr'><strong>facta</strong></span> 
     </span>
    </p>

    <p class='ocr_par' dir='ltr' id='par_1_6' title="bbox 868 3023 1599 3085">
     <span class='ocr_line' id='line_1_42' title="bbox 868 3023 1599 3085; baseline 0.003 -15"><span class='ocrx_word' id='word_1_275' title='bbox 868 3023 911 3070; x_wconf 89' lang='lat' dir='ltr'>T</span> <span class='ocrx_word' id='word_1_276' title='bbox 938 3026 967 3068; x_wconf 77' lang='lat'>3</span> <span class='ocrx_word' id='word_1_277' title='bbox 1508 3033 1599 3085; x_wconf 73' lang='lat' dir='ltr'><strong>est,</strong></span> 
     </span>
    </p>
   </div>
  </div>
 </body>
</html>
