1846 3250
256 131 378 203 „0143”
766 154 1196 234 TRAcTnTrUs

251 287 481 345 na‘tione3
516 289 630 353 quia
675 290 714 338 si
765 293 828 340 sit
874 310 938 341 ex
985 294 1342 344 machinatione
1389 297 1669 361 conjugum,

250 370 498 418 nunquam
525 358 696 405 Romae
730 358 1036 422 dispensatur
1059 380 1147 426 pro
1181 364 1288 411 foro
1313 373 1531 423 externo,
1578 380 1679 412 nec.

249 421 341 468 nisi
365 422 627 471 admodum
648 440 755 472 raro
779 442 867 489 pro
890 427 997 475 foro
1020 429 1251 477 interiori.
1674 451 1677 454 ’

323 489 511 544 Quaeres
537 493 617 538 90·
643 508 739 554 quo
764 494 891 557 stylo
910 495 1204 559 dispensatio
1228 496 1519 560 postulanda
1537 496 1638 544 sit?
1692 526 1696 529 -

316 555 382 602 R.
413 559 488 603 10·
522 558 651 621 stylo
664 559 877 624 simplici
902 566 960 609 ac
996 563 1149 610 nitido
1184 563 1287 611 sine
1312 564 1595 626 ambagibus
1620 573 1672 611 et

248 633 503 684 apparatu,
531 625 742 689 alioquin
761 627 893 675 nulla
916 629 1283 693 supplicationis
1301 630 1426 677 ratio
1449 630 1672 678 hahetur.

251 689 335 743 20&
372 690 514 738 Parvi
555 692 757 740 interest
801 710 863 741 an
905 697 1167 744 vernacula
1195 713 1266 744 van
1313 696 1462 744 latina
1506 697 1673 759 lingua

248 755 503 814 scribatur,
541 758 628 808 etsi
670 760 774 807 haec
810 761 1112 824 frequentius
1138 774 1398 826 usurpetur
1422 772 1471 810 et
1495 764 1666 826 praefe-

247 823 399 870 reuda
422 824 500 871 sit.
571 829 636 871 3⁰·
675 826 786 873 Non
826 829 998 876 eodem
1042 831 1188 877 modo
1212 829 1533 876 inscribendae
1557 840 1671 877 sunt

244 888 449 938 Litterae
482 891 547 939 ad>
570 892 983 942 Poenitentia1·iam
1009 912 1107 959 quo
1132 896 1194 944 ad
1220 897 1488 952 Datariam.
1544 897 1670 944 Cum

245 956 308 1003 ad
357 958 619 1006 Bancarios
678 962 1089 1023 expeditionarios
1150 980 1237 1026 pro
1296 963 1571 1010 obtinendis
1618 963 1667 1009 in

248 1023 453 1084 Daytaria
488 1025 926 1088 dispensationibus
968 1030 1016 1075 in
1065 1030 1238 1078 Galliis
1283 1030 1559 1076 necessario
1598 1045 1673 1076 re-

248 1091 542 1138 currendum
589 1093 651 1139 sit
700 1104 753 1140 ut
798 1105 942 1143 antea
989 1097 1278 1153 monuimus,
1332 1095 1411 1142 isti
1458 1095 1671 1143 adeundi

247 1167 375 1214 sunt,
412 1158 608 1220 quando
645 1176 785 1207 casus
821 1164 1052 1209 occurrit.
1128 1162 1368 1215 Quoniam
1405 1177 1520 1210 vero
1547 1162 1673 1223 quis-

251 1240 346 1284 que
381 1225 458 1272 vel
487 1226 824 1283 Confessarius
859 1230 935 1276 vel
977 1229 1082 1292 ipse
1108 1230 1358 1276 Poenitens
1399 1228 1460 1275 ad
1491 1244 1677 1276 sacram

247 1290 661 1340 Poenitentiariam
699 1310 789 1356 pro
825 1295 1186 1359 dispensatione
1217 1294 1675 1358 impedimentorum

249 1358 557 1413 occultorum
595 1360 861 1408 obtinenda
895 1373 1148 1411 recurrere
1188 1372 1367 1425 potest,
1405 1377 1497 1409 nec
1532 1362 1678 1410 infre·

250 1434 457 1487 quentes
481 1436 595 1474 sunt
630 1444 770 1483 casus
794 1428 842 1475 in
880 1430 1054 1493 quibus
1090 1445 1149 1477 eo
1174 1445 1295 1493 opus
1332 1437 1421 1486 est,
1458 1428 1538 1476 hic
1562 1429 1674 1477 sub-

236 1495 501 1555 jungemus
536 1494 792 1543 formulam
831 1496 1166 1561 applicationis
1202 1496 1267 1545 ad
1299 1510 1486 1545 sacram
1513 1495 1676 1545 Poeni·

244 1559 516 1609 tentiariam
541 1561 820 1625 dirigendae.
1062 1623 1065 1625 ,
1659 1571 1662 1574 ’

447 1627 529 1678 Sic
553 1629 724 1694 incipit
751 1633 1003 1696 Epistoia:

308 1698 686 1747 Eminentissime
710 1707 755 1747 et
778 1701 1179 1749 Reverendissime
1204 1698 1496 1749 Cardinalis.

312 1765 485 1813 Puella
511 1767 719 1830 quoedam
754 1784 901 1815 annos
947 1768 1133 1816 circiter
1171 1768 1341 1832 viginti
1373 1775 1488 1814 nata
1523 1767 1667 1815 scien-

242 1840 314 1880 ter
338 1841 383 1880 et
419 1832 561 1880 libere
601 1840 754 1880 votum
791 1834 940 1881 emisit
979 1832 1207 1882 castitatis
1222 1841 1450 1898 perpetuo
1480 1850 1667 1881 servan-

240 1899 328 1957 dae,
365 1916 486 1946 nunc
508 1915 614 1946 'vero
643 1900 929 1964 Coiffessarii
942 1901 1128 1962 judicio
1153 1901 1232 1965 qui
1249 1900 1531 1965 jamdudum
1556 1901 1668 1963 ipsi-

242 1984 297 2014 us
335 1965 640 2029 covffessiones
682 1967 864 2031 excipit,
902 1968 951 2014 in
998 1976 1170 2015 certum
1211 1965 1377 2014 salutis
1421 1966 1668 2014 discrimen

242 2033 435 2088 veniret,
473 2033 565 2080 nisi
602 2033 743 2082 nubat
765 2053 783 2081 .·
835 2042 1119 2098 quapropter
1163 2032 1390 2097 supplicat
1433 2031 1669 2080 humiliter

241 2108 285 2147 et
325 2100 458 2147 enixe
502 2106 659 2146 votum
718 2101 991 2148 commutari
1036 2102 1102 2148 ad
1144 2102 1349 2164 effectum
1384 2098 1675 2146 matrimonii

241 2165 560 2214 contrahendi.
652 2164 896 2227 Dignetur
943 2168 1216 2215 Eminentia
1275 2168 1434 2214 Vestra
1482 2181 1667 2228 respon·

237 2247 338 2279 sum
378 2232 582 2296 dirigere
622 2234 686 2279 ad
722 2237 792 2279 nze
836 2233 1075 2294 scriptum.
1145 2233 1247 2280 Hic
1294 2230 1667 2294 exprimendum

243 2309 317 2346 est
355 2305 532 2344 nomen
574 2297 701 2344 illius
748 2297 811 2345 ad
858 2314 1000 2359 quem
1043 2298 1409 2345 rescribendum
1457 2307 1546 2352 est>
1581 2312 1668 2344 no-

240 2380 352 2412 men
386 2364 503 2411 item
546 2364 732 2427 Oppidi
776 2364 848 2411 vel
896 2364 1117 2412 Civitatis
1160 2364 1218 2410 ad
1270 2379 1413 2425 quam
1460 2363 1537 2410 vel
1574 2377 1663 2425 per

241 2448 386 2495 quam
431 2431 815 2489 rescribendum,
858 2440 909 2478 et
954 2431 1061 2478 haec
1103 2429 1301 2494 quidem
1347 2428 1664 2492 vulgari-lin..

236 2515 349 2562 gua.

309 2566 422 2619 Qud
447 2564 484 2611 si
522 2564 569 2610 in
599 2562 929 2627 Supplicantis
970 2564 1080 2611 loco
1122 2562 1282 2609 nullus
1315 2560 1376 2609 sit
1403 2561 1666 2609 Confessae

239 2631 338 2678 rius
363 2633 556 2678 Doctor
593 2632 641 2676 in
680 2630 953 2692 Theologia
991 2631 1067 2676 vel
1109 2631 1230 2677 Jure
1255 2628 1508 2684 canonico,
1547 2626 1689 2675 addi‘

241 2699 472 2746 deberet:
510 2698 575 2744 Ec
600 2699 724 2761 qaia.
751 2698 800 2744 in
841 2697 1070 2744 Oratricis
1109 2695 1206 2744 loco
1241 2695 1396 2742 nullus
1431 2696 1662 2757 reperitur

244 2765 570 2829 Confessarius
611 2765 660 2811 in
692 2764 737 2810 T
734 2760 943 2826 heologia
968 2761 1040 2810 vel
1060 2764 1181 2810 Jure
1210 2762 1428 2810 canonico
1464 2760 1662 2815 Doctor,

241 2833 462 2896 dignetur
491 2829 760 2877 Eminentia
796 2831 955 2875 Vestra
990 2827 1237 2892 providere
1272 2837 1324 2876 uc
1360 2827 1479 2875 alius
1516 2827 1662 2890 possit

239 2898 416 2965 exequi,
457 2911 634 2960 nempe
679 2896 756 2943 vel
800 2895 1047 2944 Parochus
1089 2894 1165 2943 vel
1208 2892 1546 3012 Confessiagius·
1577 2893 1656 2962 cu'i

1455 2969 1643 3008 oenxterv·
