1846 3250
526 161 622 210 DE
642 148 1164 210 'MATRIMONJQ
1482 155 1602 211 359·

154 295 364 345 externo
397 310 485 359 pro
518 294 868 359 impedimento
903 294 1103 359 publico
1138 296 1358 353 obtenta,
1394 302 1450 342 ut
1485 292 1581 342 sei·

152 364 269 412 iicet
295 362 683 412 contrahentium
712 377 993 426 'eorumque
1017 362 1166 426 proiis
1189 373 1347 412 status
1369 372 1581 425 ponatur

154 431 199 477 in
240 432 361 478 tu'to.
454 430 607 478 Secus
644 446 776 485 vero,
814 430 852 476 si
888 439 1062 493 agatur
1096 430 1160 478 de
1217 429 1580 492 dispensatione

153 498 608 561 impedimentorum
652 498 989 553 occultorum;
1026 498 1140 561 quia
1180 499 1228 545 id
1268 498 1384 544 nihii
1424 497 1581 549 socie·

152 564 266 611 tatis
323 566 540 622 interest,
598 566 810 630 indeque
871 565 1272 614 contrahentibus
1318 564 1585 613 inferretur

151 629 362 680 infamia.
870 634 871 637 ’
1553 642 1577 659 ’-

228 700 423 758 Quaeres
448 702 563 747 22⁰·
599 701 846 764 quomodo
881 717 989 748 sese
1041 715 1216 763 gerere
1257 699 1437 747 debeat
1485 700 1578 747 Pa·-

153 767 467 815 rochuscum
494 768 549 815 iis
576 784 697 831 quos
721 779 834 816 ante
879 766 1168 815 matrimonii
1195 768 1577 818 celebrationem

152 836 436 896 cognoverit
464 834 637 899 ligatos
663 836 1013 899 impedimento
1030 835 1057 881 Ρ

220 903 280 949 R.
307 908 406 962 jam
433 918 460 949 a
486 903 624 950 nobis
664 904 869 951 solutam
911 903 1061 950 fuisse
1091 902 1218 950 hanc
1255 901 1574 964 quaestione'm

151 985 312 1031 supra,
354 969 433 1016 ubi
460 970 521 1016 de
547 971 813 1018 bannorum
841 969 1317 1032 proclamationibus·
1552 991 1558 995 s

223 1036 415 1090 Quaere-s
439 1038 550 1083 23⁰·
588 1038 832 1100 quomodo
858 1053 966 1084 sese
1006 1046 1179 1099 gerere
1221 1037 1399 1084 debeat
1427 1035 1594 1083 Paro-‘

150 1102 271 1149 chus
308 1100 417 1150 cum
455 1103 510 1150 iis
546 1120 665 1165 quos
718 1114 828 1167 post
864 1103 1152 1151 matrimonii
1192 1103 1577 1152 celebrationem

149 1169 496 1232 impedimento
522 1171 778 1219 dirimente
804 1171 1094 1219 constrictos
1119 1171 1382 1220 didicerit?

218 1237 283 1283 R.
323 1237 371 1285 Si
401 1238 649 1286 Parochus
674 1240 749 1286 vel
786 1239 1123 1287 Confessarius
1161 1238 1210 1286 id
1249 1237 1476 1287 didicerit
1501 1236 1580 1286 via

153 1320 247 1367 qua
273 1305 423 1367 possit
448 1306 535 1359 uti,
573 1307 721 1354 debet
750 1310 826 1354 10·
869 1317 982 1353 ante
1025 1306 1185 1353 omnia
1224 1306 1294 1354 rei
1320 1306 1576 1354 veritatem

72 1390 79 1395 ·
153 1371 413 1434 diligenter
449 1373 740 1436 explorare,v
785 1389 844 1420 ac
903 1373 1017 1421 dein
1054 1373 1353 1437 Episcopum
1402 1389 1582 1421 consu-

149 1439 266 1495 lere,
304 1439 342 1486 si
367 1439 470 1486 fieri
496 1449 673 1503 potest.
746 1442 825 1487 2⁰·
864 1441 914 1488 Si
950 1457 1045 1487 non
1083 1450 1245 1504 potest
1278 1441 1579 1505 Episcopum

150 1507 423 1563 consulere,
462 1517 785 1571 teneaturque
822 1524 884 1555 ex
938 1509 1134 1571 proprio
1182 1508 1373 1569 judicio
1407 1523 1578 1570 agere,

151 1573 298 1621 debet
336 1575 620 1638 expendere
656 1591 716 1623 an
753 1575 1154 1641 impedimentum
1191 1576 1252 1624 sit
1304 1576 1577 1633 occultum,

148 1652 210 1687 an
235 1657 352 1689 vero
377 1642 642 1704 publicum.
979 1665 983 1669 ·
1151 1670 1166 1674 ·
1194 1674 1199 1678 ·
1310 1670 1314 1674 ·

219 1709 269 1756 Si
305 1709 551 1772 publicum
589 1711 667 1769 sit,
704 1709 922 1775 partibus
972 1712 1285 1776 praescribere
1333 1710 1484 1761 debet
1520 1720 1577 1760 ut

148 1775 289 1823 thoro
326 1788 374 1824 et
411 1777 711 1826 habitatione
753 1790 1058 1841 separentur,
1111 1780 1271 1827 donec
1324 1778 1579 1843 dispensa-

148 1842 329 1891 tionem
358 1845 673 1902 obtinuerint,
711 1846 1170 1909 matrimoniumque
1210 1845 1579 1910 redintegrave-

149 1910 276 1966 rint;
312 1911 429 1958 alias
466 1911 592 1959 enim
631 1913 853 1959 omnibus
889 1913 1120 1960 scandalo
1181 1923 1385 1961 essent:
1442 1912 1578 1978 quod

148 1977 186 2028 ai
213 1978 560 2033 recusaverint,
587 1979 856 2027 monendus
882 1980 973 2028 erit
1000 1981 1291 2045 Episcopus.
1474 1979 1481 1984 ’

215 2045 264 2091 Si
300 2045 701 2108 impedimentum
740 2048 986 2094 occultum
1026 2058 1114 2103 est,
1153 2050 1229 2096 vel
1269 2048 1371 2096 tale
1404 2057 1480 2096 est
1516 2058 1573 2096 ut

142 2109 443 2174 incognitum
469 2112 530 2159 sit
556 2113 744 2161 duabus
769 2114 987 2177 partibus
1027 2132 1151 2178 quae¹
1174 2116 1303 2163 bona
1325 2115 1427 2164 fide
1448 2132 1574 2179 nup-

147 2178 330 2235 serunt,
358 2180 431 2226 vel
459 2182 706 2228 occultum
735 2191 807 2229 est
832 2181 1073 2253 duntaaat
1110 2193 1337 2248 respectu
1379 2193 1580 2231 extero-

142 2261 265 2303 rum,
303 2246 489 2294 duabus
513 2263 630 2295 vero
668 2248 885 2312 partibus
924 2250 1210 2314 cognitum:
1244 2251 1323 2299 vel
1370 2251 1571 2303 demum

144 2312 225 2360 uni
251 2322 439 2360 tantum
466 2314 589 2377 parti
610 2316 876 2378 cognitum.

214 2380 272 2426 In
307 2380 462 2444 primo
498 2397 630 2441 casu,
668 2383 717 2430 id
753 2393 844 2439 est,
880 2383 918 2430 si
960 2384 1150 2433 duabus
1185 2387 1404 2449 parti-bus
1432 2385 1571 2447 igno·

142 2455 247 2493 tum
271 2448 348 2503 sit‘,
386 2457 505 2495 tunc
529 2449 787 2514 aliquando
829 2462 993 2513 partes
1035 2452 1098 2499 de
1123 2453 1413 2500 matrimonii
1438 2453 1574 2500 inva-

144 2513 331 2561 liditate
356 2515 538 2563 moneri
565 2516 762 2573 debent,
797 2518 1058 2582 aliquando
1083 2535 1198 2566 non.
1250 2521 1439 2568 ·Debet
1464 2519 1571 2583 qui-

143 2580 389 2628 dem'illos
413 2587 611 2631 monere
640 2585 888 2632 Parocbus
913 2596 995 2633 aut
1022 2594 1110 2649 per
1133 2602 1186 2635 se
1210 2597 1294 2634 aut
1319 2603 1406 2651 per
1430 2587 1570 2642 aiios,

145 2664 186 2692 v.
211 2665 260 2709 g.
304 2664 391 2712 per
434 2649 811 2710 confessarium,
848 2661 993 2715 prout
1036 2653 1294 2720 prudentia
1335 2655 1570 2718 postulat,

142 2715 178 2763 si
220 2715 357 2762 locus
397 2716 457 2764 sit
497 2719 722 2781 sperandi
764 2720 1078 2769 monitionem
1119 2721 1420 2784 profuturam
1459 2737 1568 2768 esse

141 2792 191 2828 et
228 2783 496 2830 remedium
532 2784 750 2833 adhiberi
809 2802 952 2850 posse
1001 2789 1187 2852 absque
1235 2790 1385 2838 ullius.
1426 2788 1564 2851 grav-i

138 2848 352 2904 infamia,
389 2851 464 2897 vel
491 2852 738 2907 scandalo,
768 2855 843 2903 vel
870 2854 964 2902 alio
989 2856 1157 2916 quovis
1198 2856 1331 2919 gravi
1368 2855 1588 2902 damno.-

140 2916 286 2965 Ratio
323 2926 396 2966 est
431 2917 544 2983 quia
578 2919 834 2971 fornicatio
882 2921 1028 2970 etiam
1064 2923 1324 2972 materialis
1364 2920 1564 2971 vitanda

1465 2997 1558 3048 est,
