1846 3250
210 190 308 239 216
717 190 1140 243 TRACTATUS-

207 326 352 390 clesia
375 326 584 374 validum
619 344 724 375 esse
765 328 1196 384 declaravit,»licet
1236 329 1284 377 S'.
1328 320 1616 392 Cyprianus,

208 394 509 442 Firmilianus
535 405 584 443 et
608 395 688 445 alii
727 396 956 460 Episcopi
995 414 1093 444 non·
1133 399 1279 461 pauci·
1306 397 1352 442 in
1379 398 1470 444 alia
1495 402 1616 445 ''sen-

205 462 358 509 tentia
400 475 720 512 versarentur.
806 464 914 513 Nec
942 465 1120 511 'mirum
1157 465 1195 512 si
1232 464 1368 512 divus
1406 466 1618 512 Thomas

205 538 255 575 et
278 529 357 577 alii
383 541 593 579 nostram
641 533 928 580 sententiam
966 532 1210 585 tenuerint
1253 543 1305 579 ut
1328 533 1618 596 probabilio-

203 612 305 644 rem
343 607 548 659 tantum,
585 616 696 648 cum
733 609 850 648 tunc
884 600 999 648 nihil
1037 610 1162 649 esset
1200 601 1259 648 ab
1288 602 1510 649 Ecclesia
1533 601 1620 649 de-

200 664 406 714 finitum.

271 736 336 780 2⁰·
376 735 582 783 Addunt
624 735 720 792 alii,
758 752 806 783 et
848 736 1043 799 quidem
1070 735 1334 800 gravissimi
1360 735 1641 798 Theologi,·

203 798 498 865 Magistrum,
525 804 882 851 Sententiarum
925 804 1007 852 lib.
1048 812 1094 851 4.
1134 804 1346 851 distinct.
1372 806 1418 850 2.
1444 803 1617 850 Matri-

201 872 412 919 monium
439 871 541 919 aliis
569 872 892 920 Sacrame'ntis
934 888 1268 930 annumerare,
1305 883 1354 919 et
1402 871 1510 918 dist.
1535 873 1618 920 26.

200 935 322 987 illud
346 939 526 988 habere
553 951 604 988 ut
630 940 818 1003 signum
847 942 1026 988 Gratiae
1054 941 1242 988 efficax.
1336 940 1481 988 Unde
1505 955 1620 986 con·

158 1007 410 1080 “tendunt
433 1008 584 1066 illum,
621 1025 730 1056 cum
758 1008 823 1055 ait
851 1008 1215 1055 Matrimonium
1237 1008 1457 1054 Gratiam
1481 1020 1620 1054 sanc-

207 1075 470 1124 tificantem
497 1082 592 1124 non
619 1077 818 1131 habere,
842 1077 890 1122 id
916 1093 1062 1123 unum
1083 1077 1223 1131 velle,
1252 1074 1616 1122 Matrimonium

199 1144 419 1207 primitus
442 1161 538 1192 non
564 1161 670 1192 esse
694 1145 965 1191 institutum
1005 1144 1066 1191 ad
1104 1143 1464 1208 producendam
1492 1142 1618 1189 Gra-

198 1212 333 1269 tiam,
370 1212 457 1260 sed
482 1222 669 1260 tantum
705 1213 767 1260 ad
807 1212 1119 1268 fraenandam,
1157 1210 1616 1274 concupiscentiam».

201 1280 491 1327 Durandum
548 1280 729 1344 pariter
785 1279 995 1342 benigne
1053 1279 1447 1342 interpretantur,
1492 1277 1615 1323 nihi·

200 1347 329 1410 lique
351 1348 624 1396 faciendam
652 1364 756 1396 esse
777 1347 1092 1412 quorumdam
1117 1346 1492 1410 Canon—istarum
1509 1360 1616 1392 sen-

199 1416 400 1464 tentiam
438 1427 486 1464 et
522 1417 859 1464 auctoritatem
897 1425 1133 1472 asserunt,
1187 1410 1470 1478 praeser'tiin‘
1503 1428 1614 1460 cum

201 1495 421 1547 pugnent
447 1495 617 1533 contra
655 1499 961 1533 communem
1009 1480 1210 1531 aliorum
1237 1481 1614 1532 ⁴Canonistarum

198 1563 503 1603 sententiam.
936 1560 940 1564 “

496 1687 749 1739 Solvuntur
773 1682 1006 1739 nonnullae
1036 1688 1326 1752 quaestiones.

278 1828 560 1886 Quaeres-1⁰·
599 1842 695 1890 quo
736 1835 955 1888 tempore
996 1822 1216 1872 Christus
1246 1820 1612 1871 Matrimonium

201 1894 262 1943 ad
291 1894 591 1943 Sacramenti
615 1894 900 1956 dignitatem
928 1892 1177 1940 evexerit?

270 1965 333 2012 R.
366 1956 558 2032 tem'pus
582 1963 701 2009 illud
726 1961 964 2015 incertum
991 1976 1112 2008 esse.
1205 1957 1436 2006 Nonnulli
1485 1955 1610 2004 exis-

199 2031 372 2079 timant
432 2032 798 2079 Sacramentum
857 2029 948 2076 hoc
995 2027 1268 2075 institutum
1327 2041 1448 2083 esse,
1503 2033 1616 2072 cum'

200 2099 383 2147 Matth.
425 2103 500 2147 19.
534 2099 658 2145 dixit
719 2097 957 2152 Christus,
1017 2097 1140 2162 quod
1195 2097 1326 2144 Deus
1361 2092 1614 2158 conjunxit,

198 2168 331 2215 homo
355 2185 444 2215 non
464 2174 657 2231 separet.
749 2164 1062 2213 Communior
1104 2162 1265 2226 opinio
1298 2173 1372 2209 est
1397 2162 1522 2208 hanc
1547 2159 1619 2205 in-

198 2235 496 2282 stitutionem
517 2234 695 2282 factam
722 2249 845 2287 esse,
884 2249 993 2279 cum
1035 2231 1256 2280 Christus
1282 2229 1329 2275 in
1357 2230 1491 2278 Cana
1516 2228 1616 2274 Ga-

197 2303 323 2351 lileae
372 2302 560 2366 nuptias
614 2318 701 2350 sua
758 2299 1013 2365 praesentia
1059 2296 1408 2352 cohonestavit,
1446 2295 1624 2358 eisque

198 2371 444 2428 benedixit,
507 2380 560 2417 ut
612 2371 877 2433 loquuntur
935 2368 1103 2415 Patr-es
1163 2364 1397 2429 Ephesini
1449 2373 1499 2410 et
1534 2362 1613 2409 alii

199 2439 444 2488 Doctores
473 2439 706 2486 Ecclesiae
731 2435 974 2501 permulti.

272 2509 461 2563 Quaeres
488 2511 554 2555 2⁰·
592 2523 653 2553 an
703 2504 954 2569 quodlibet
1008 2499 1386 2550 Christianorum
1440 2496 1615 2546 Matri-

178 2575 410 2624 'monium
437 2574 498 2623 sit
526 2575 891 2622 Sacramentum
917 2570 1108 2636 proprie
1133 2569 1317 2616 dictum
1336 2567 1360 2613 P

268 2643 333 2689 R.
368 2660 466 2690 cum
527 2643 720 2697 Pontio,
776 2640 1010 2695 Almaino,
1067 2636 1328 2699 Vasquesio,
1374 2631 1610 2690 Turnelio,

203 2709 381 2758 Colleto
427 2718 472 2757 et
517 2709 624 2759 aliis
669 2708 823 2757 multis
869 2716 1028 2756 contra
1089 2703 1394 2752 Sanchesz‘um'
1420 2709 1463 2749 et
1499 2700 1623 2749 filios·

199 2776 436 2826 nonnullis
458 2778 556 2825 sive
597 2778 809 2842 antiquos
851 2776 944 2824 sive
984 2773 1272 2827 recentiores,
1311 2767 1618 2818 Matrimoni-

200 2862 299 2899 um,
335 2844 373 2892 si
409 2845 625 2907 Legibus
668 2843 888 2904 civilibus
915 2843 987 2890 vel
1017 2838 1360 2906 ecclesiasticis
1389 2835 1613 2884 nonirri-

199 2923 346 2970 tetur,
382 2929 524 2977 posse
549 2913 673 2959 inter
700 2911 997 2959 Christianos
1021 2910 1182 2956 valere
1205 2917 1267 2954 -ut
1293 2914 1610 2955 contractum,

198 2997 290 3030 nec
316 2992 477 3031 tamen
502 2996 608 3030 esse
626 2980 907 3027 :necessario
939 2978 1322 3027 Sacramentum.
1393 2972 1518 3018 Nam
1550 2973 1611 3044 1‘0·

1374 3047 1612 3088 contrarw.
