1846 3250
496 188 593 237 DE
630 181 1133 238 MATRIMONI‘O.
1434 188 1548 237 41-’2ι

112 314 366 402 postrema
381 324 484 371 haec
510 321 674 386 opinio
700 338 798 371 non
836 322 987 372 debet
1029 320 1258 379 admitti3
1293 321 1395 369 turn
1424 319 1548 384 quia

112 407 227 444 ante
252 392 548 443 Leridanum
582 389 800 438 inaudita
839 401 947 447 est;
984 401 1086 438 turn
1114 389 1258 453 quia,
1295 389 1413 437 licet
1449 395 1552 435 rna·

115 478 265 510 nuum
291 458 536 536 impositio
559 457 608 504 in
648 457 938 521 quibusdam
983 458 1260 505 Ritualibus
1296 470 1551 505 recensea-

115 541 213 587 tur,
250 526 489 576 omittitur
516 536 679 573 tamen
703 525 750 571 in
796 525 1017 588 pluribus
1053 524 1176 581 aliis,
1213 541 1307 573 nec
1347 521 1554 596 proinde

114 612 229 661 pars
252 605 324 644 est
346 594 479 641 illius
506 593 810 642 Sacramenti
837 592 1124 641 essentialis.

563 719 993 791 PRoPoslTro
1033 727 1110 775 11.

124 867 323 921 Forma
338 862 631 913 Sacramenti
665 855 972 911 Matrimonii
996 862 1159 926 posita
1198 859 1267 910 est
1303 861 1358 909 in
1394 862 1559 909 Sacer·

192 933 312 981 dotis
348 930 672 986 hen-edictione,
708 930 781 978 his
822 929 971 978 verbis
1027 945 1288 1004 expressa.-
1327 927 1437 990 Ego
1473 942 1560 974 vos

193 1000 241 1046 in
275 997 645 1046 Matrimonium
672 1001 919 1057 conjungo
957 996 1006 1043 in
1044 992 1242 1043 nomine
1270 995 1448 1053 Patris,
1469 998 1558 1043 &c-

131 1088 134 1091 ·
190 1073 274 1115 aut
299 1064 408 1114 aliis
431 1064 657 1113 similibus
680 1064 947 1112 indicativis
968 1063 1045 1112 ‘vel
1070 1060 1394 1129 deprecativis.

139 1198 142 1200 ’
197 1188 343 1250 Prob-
379 1200 475 1248 Ine
494 1198 626 1269 enim
660 1198 781 1246 ritus
823 1207 896 1246 est
937 1194 1094 1245 forma
1121 1195 1441 1255 Sacramenti,
1478 1193 1563 1272 qui

129 1268 412 1333 primarium
446 1268 573 1315 illius
602 1259 847 1315 effectum
879 1265 1150 1330 specialius
1184 1262 1446 1329 significat,
1482 1262 1564 1326 qui

130 1335 351 1385 Gratiam
388 1334 634 1399 producit,
673 1334 854 1410 quique
898 1350 926 1381 a
958 1333 1179 1397 legitimo
1205 1332 1437 1381 Ministro
1462 1346 1565 1378 ma»

131 1402 266 1452 teriae
314 1402 618 1467 applicatur:
654 1401 785 1463 atqui
834 1399 942 1449 talis
990 1412 1065 1450 est
1100 1400 1382 1450 benedictio
1405 1414 1565 1490 quam

126 1470 378 1520 Sacerdos
402 1486 551 1534 super
574 1470 817 1518 nubentes
840 1468 1141 1532 pronuntiat.
1287 1483 1292 1486 ’

205 1542 285 1586 10·
341 1537 554 1591 Quidem
611 1536 894 1599 benedictio
956 1535 1234 1584 Sacerdotis
1281 1533 1564 1598 primarium

136 1605 439 1655 Sacramenti
490 1595 791 1653 Matrimonii
861 1603 1109 1661 effectum,
1150 1602 1380 1651 videlicet
1425 1600 1567 1648 unio-

132 1690 245 1720 nem
281 1672 548 1720 animarum
602 1688 690 1735 per
730 1669 971 1726 Gratiam,
1008 1667 1268 1735 specialius
1302 1668 1563 1733 significat.-

136 1741 263 1789 Haec
288 1740 415 1788 enim
437 1740 585 1787 verba
608 1755 705 1786 non
722 1739 1014 1802 significant
1048 1737 1278 1788 effectum
1323 1736 1570 1785 matrimo-

136 1807 219 1866 nii,
257 1818 495 1869 quatenus
527 1816 601 1854 est
639 1815 919 1853 contractus
958 1805 1141 1862 civilis;
1175 1821 1288 1854 cum
1324 1806 1569 1852 nubentes

137 1874 227 1925 soli
263 1874 510 1922 vinculum
546 1873 678 1921 istud
713 1883 917 1920 nectere
948 1873 1153 1949 possint.
1240 1872 1376 1935 Ergo
1404 1871 1569 1919 solum

135 1943 364 1992 effectum
423 1941 825 1989 sacramentalem
885 1957 973 1989 seu
1023 1940 1291 1988 animarum
1341 1939 1570 1987 unionem

134 2009 427 2073 significant.

275 2074 655 2124 wSacerdotalis
708 2066 990 2122 benedictio
1025 2072 1270 2123 ‘Gratiam
1326 2072 1572 2137 producit,

139 2143 397 2208 ipsumque
439 2144 807 2192 Sacramentum
852 2142 1068 2201 conficit,
1103 2154 1158 2192 ut
1181 2142 1389 2214 vidimus
1420 2141 1468 2189 in
1494 2156 1574 2189 ca·

137 2211 241 2276 pite
265 2211 579 2275 praecedenti.
1561 2229 1567 2233 ·

213 2282 276 2326 3⁰·
329 2278 619 2342 Applicatur
668 2293 697 2325 3
742 2276 963 2341 legitimo
1025 2277 1274 2333 Ministro,
1323 2293 1501 2341 nempe
1547 2289 1576 2323 a

146 2346 413 2395 Sacerdote
461 2362 607 2409 quem
646 2344 828 2408 pariter
865 2345 914 2392 in
961 2346 1124 2410 capite
1160 2346 1372 2410 praeced.
1407 2347 1576 2392 verum

146 2414 449 2463 Sacramenti
475 2412 779 2474 Matrimonii
804 2413 1090 2461 ‘Ministrum
1117 2413 1435 2461 ostendimus;

215 2481 338 2528 Dixi
387 2482 567 2537 autem,
604 2488 687 2527 aut
732 2479 840 2543 aliis
874 2481 1097 2530 similibus
1131 2480 1280 2529 verbis
1312 2478 1582 2528 indicativis

145 2547 218 2597 vel
240 2548 570 2614 deprecati-viu
609 2546 721 2609 quia
758 2546 819 2593 ad
844 2549 1058 2596 valorem
1087 2546 1406 2605 Sacramenti,
1443 2545 1580 2610 parvi

148 2615 298 2664 refert
333 2630 392 2663 an
428 2616 577 2662 verba
611 2615 707 2662 sint
742 2614 1020 2673 indicativa,
1066 2625 1119 2665 ut.
1163 2616 1293 2664 inter
1337 2614 1579 2669 Latinos3

147 2694 234 2731 aut
271 2681 599 2745 deprecativa,
650 2689 704 2729 ut
739 2682 866 2730 inter
902 2683 1123 2743 Graecos,
1160 2684 1287 2732 sicut
1310 2687 1417 2746 jam
1465 2651 1581 2731 alibi

150 2751 525 2798 observavimus.

219 2818 365 2865 Dices
395 2820 464 2865 10·
480 2823 661 2881 contra
690 2821 734 2865 1.
749 2819 1132 2883 propositionem.
1206 2817 1255 2867 Si
1299 2824 1582 2866 contractus

154 2884 305 2932 civilis
330 2885 392 2931 sit
417 2878 617 2932 materia
640 2885 968 2941 Sacramenti;
1004 2902 1123 2950 ergo
1147 2885 1282 2951 prius
1306 2883 1583 2948 perfectum

153 2962 227 3000 est
255 2950 609 2999 matrimonium
636 2952 684 2998 in
722 2953 912 3002 ratione
949 2965 1232 3003 contractus
1258 2952 1366 3001 civii
1372 2951 1411 3000 is
1436 2966 1583 3016 quam

152 3021 199 3065 in
226 3019 413 3068 ratione
443 3019 762 3068 Sacramenti.
1520 3083 1573 3132 R
