1846 3250
253 159 353 207 234
762 158 1184 213 TRACTATUS

252 292 399 341 etiam
424 291 645 340 confiteri
671 301 720 340 et
744 293 927 342 absolvi
958 306 1175 359 possunt.
1266 299 1346 360 4⁰.
1383 296 1493 347 Nec
1530 298 1675 348 etiam

251 360 496 424 sponsalia
530 362 825 408 contrahunt
883 364 965 426 qui
1022 375 1186 412 errant
1235 363 1364 413 circa
1402 372 1677 430 personam,

253 427 369 489 quia
405 428 513 476 talis
548 444 681 476 error
715 427 1015 479 noluntatem
1052 448 1110 480 ac
1146 431 1372 496 proinde.
1397 435 1676 484 libertatem

249 494 394 543 tollit.
1684 541 1686 543 ,

321 562 458 610 Hinc
484 563 565 612 5⁰·
588 563 831 628 sponsalia
854 574 989 613 metu
1012 566 1165 629 gravi,
1190 565 1239 613 id
1265 576 1355 626 est,
1390 567 1471 632 qui
1497 568 1676 617 cadere

251 629 405 694 possit
423 630 477 676 in
503 630 654 678 virum
698 642 1019 689 constantem,
1057 633 1222 697 inique
1261 645 1475 694 extorta,
1512 636 1681 684 defec-

253 707 306 744 tu
329 697 585 756 libertatis,
621 699 754 747 nu‘lla
779 710 907 747 sunt.
977 701 1100 748 Ideo
1140 702 1189 748 in
1233 701 1392 749 Curiis
1437 703 1677 766 supremis

251 763 400 812 irritae
422 758 734 819 declarantur
766 766 1059 814 matrimonii
1084 767 1424 831 promissiones
1450 785 1478 816 a
1502 770 1678 832 puellis

253 841 339 879 aut
372 832 546 892 viduis,
583 844 927 896 perseverante
952 835 1287 898 aegrotatione,
1324 836 1422 883 suis
1464 836 1680 884 Medicis

253 909 341 947 aut
367 900 619 964 Chirurgis
643 900 804 958 factae,
843 901 955 964 quia
993 903 1114 949 tales
1156 903 1498 966 promissiones
1540 913 1593 951 ut
1616 903 1680 952 rti-

251 967 399 1015 moris
424 984 487 1016 ex
515 969 684 1016 morbo
710 969 956 1016 nascentis
989 969 1192 1018 effectus
1217 970 1473 1018 habentur.

325 1037 397 1083 At
433 1052 549 1083 vero
594 1036 973 1084 controvertitur
1019 1036 1145 1085 inter
1200 1037 1479 1101 Theologos
1515 1046 1679 1086 utrum

254 1103 499 1165 sponsalia
522 1113 657 1151 metu
682 1103 814 1166 gravi
842 1113 1052 1161 extorta,
1088 1105 1234 1166 pleno
1271 1109 1383 1166 jure
1408 1105 1503 1152 sint
1527 1105 1680 1163 irrita,

253 1169 381 1217 adeo
407 1179 461 1217 ut
485 1170 630 1218 etiam
657 1181 770 1218 ante
794 1170 1084 1218 sententiam
1111 1171 1302 1220 ,Iudicis
1326 1172 1443 1219 nihil
1468 1172 1681 1228 valeant,

253 1252 350 1284 nec
375 1238 523 1285 ullam
566 1237 912 1300 obligationem
950 1237 1217 1294 inducant3
1254 1250 1415 1287 utrum
1452 1255 1567 1287 vero
1606 1255 1685 1287 so-

252 1303 356 1350 lum
381 1304 579 1352 veniant
612 1321 641 1352 a
665 1305 845 1353 Judice
870 1304 1118 1363 irritanda,
1156 1305 1280 1353 adeo
1324 1316 1377 1353 ut
1418 1300 1532 1354 ante
1572 1321 1683 1354 sen-

256 1370 461 1418 tentiam
487 1372 518 1420 J
525 1371 679 1419 udicis
705 1372 914 1420 valeant.
1001 1372 1308 1420 Probabilior
1331 1374 1469 1421 nobis
1488 1372 1684 1423 videtur

255 1438 423 1501 opinio
467 1455 634 1488 eorum
678 1439 760 1504 qui
803 1439 1110 1487 contendunt
1151 1441 1386 1503 ejusmodi
1421 1441 1679 1503 sponsalia,

256 1506 298 1553 si
321 1522 420 1553 non
447 1510 559 1569 jure
583 1506 809 1565 naturali,
844 1508 1016 1555 saltem
1043 1512 1156 1570 ¹iure
1182 1508 1406 1571 positivo,
1453 1508 1680 1556 nimir-um

256 1573 515 1632 canonico,
543 1591 649 1622 esse
676 1590 869 1637 prorsus
894 1575 1044 1621 nulla.
1115 1577 1189 1622 1⁰·
1225 1575 1353 1630 Quia
1377 1576 1444 1623 ita
1467 1575 1685 1624 sentiunt

258 1639 502 1705 Theologi
527 1641 880 1690 et-Canonistae
905 1641 1215 1691 celebriores.
1307 1645 1385 1690 20·
1420 1643 1547 1697 Quia
1582 1659 1686 1691 ma-

257 1707 535 1756 trimonium
576 1710 711 1773 gravi
752 1719 886 1758 metu
931 1719 1195 1767 extortum,
1231 1709 1497 1758 fatentibus
1530 1710 1684 1758 omni-

257 1776 365 1835 bus,
402 1776 588 1824 nullum
627 1786 702 1825 est
736 1777 797 1824 ad
833 1776 989 1825 minus
1016 1782 1128 1839 jure
1163 1777 1387 1842 positivo,
1438 1777 1682 1840 sponsalia

256 1853 423 1891 autem
448 1853 500 1891 et
522 1844 827 1891 matrimonia
845 1854 960 1891 sunt
980 1859 1224 1897 connexa.

329 1911 441 1958 Nec
476 1911 648 1959 eadem
684 1911 927 1975 sponsalia
965 1911 1145 1970 valent,
1182 1910 1369 1959 etiarnsi
1402 1914 1684 1976 juramento

258 1979 546 2026 confirmata
574 1979 773 2035 fuerint,
811 1979 922 2041 quia
949 1983 1296 2040 Juramentum‚
1335 1989 1387 2027 ut
1412 1980 1559 2041 vulgo
1596 1979 1684 2025 do·

257 2055 375 2111 cent
401 2046 643 2110 Theologi
669 2056 719 2094 et
745 2045 1039 2106 Canonistae,
1076 2055 1382 2094 contractum
1420 2050 1533 2108 jure
1580 2046 1689 2093 nu}-

257 2113 360 2160 lum
385 2128 444 2160 ac
468 2114 688 2176 Legibus
713 2113 1009 2177 prohibitum
1029 2117 1190 2162 'ratum
1211 2113 1374 2161 facere
1393 2130 1490 2161 non
1505 2122 1686 2177 potest.

260 2179 451 2227 Volunt
486 2190 648 2228 tamen
684 2181 937 2244 perplures
964 2186 1295 2243 Juramentum
1343 2180 1465 2228 illud
1507 2197 1595 2244 per
1629 2196 1687 2229 se

261 2246 497 2311 obligare,
517 2248 645 2295 sicut
671 2247 855 2309 obligat
880 2252 1212 2309 ⁴juramentum
1244 2264 1410 2295 usuras
1447 2247 1687 2306 solvendi,

180 2352 186 2358 ,
260 2331 328 2363 ex
354 2331 461 2379 cap.
488 2320 534 2364 6.
559 2315 620 2362 de
639 2315 975 2379 jurejurando.
1052 2315 1201 2362 Ratio
1238 2330 1407 2362 eorum
1447 2322 1522 2362 est
1568 2313 1683 2377 quia

259 2383 358 2430 hoc
384 2387 716 2444 juramentum
741 2382 846 2429 sine
884 2382 1030 2444 culpa
1051 2379 1226 2429 servari
1254 2389 1431 2442 potest.
1518 2381 1684 2440 Unde,

252 2453 400 2511 juxta
447 2466 548 2507 eos,
607 2458 662 2497 ut
696 2449 912 2505 solvatur
945 2448 1029 2496 illa
1063 2447 1312 2512 obligatio,
1350 2447 1397 2492 in
1433 2447 1701 2504 hoccasu*

260 2517 412 2564 dubio
437 2518 498 2565 ab
526 2517 776 2580 Episcopo
800 2516 1013 2579 petenda
1039 2525 1112 2564 est
1153 2514 1467 2578 dispensatio.
1560 2517 1686 2569 Quae

261 2584 461 2646 quidem
485 2583 729 2631 sententia
768 2582 1031 2647 probabilis
1074 2593 1164 2638 est,
1201 2591 1284 2629 aut
1317 2582 1487 2630 saltem
1514 2581 1686 2637 tutior,

260 2650 566 2713 proindeque
590 2651 638 2696 in
663 2650 804 2714 praxi
830 2650 1059 2698 tenenda.
1128 2650 1208 2696 Ex
1250 2649 1324 2696 his
1361 2648 1583 2711 sequitur
1618 2664 1682 2696 ex

261 2717 567 2781 sponsalibus
590 2727 723 2765 metu
748 2717 883 2780 gravi
916 2716 1185 2765 contractis
1225 2732 1322 2763 non
1364 2715 1497 2762 nasci
1533 2715 1687 2778 impe-

264 2785 533 2831 dimentum
571 2783 838 2832 honestatis
878 2784 1103 2847 publicae,
1141 2799 1252 2831 cum
1296 2799 1359 2831 ex
1399 2781 1534 2830 Trid.
1568 2797 1687 2829 sess.

264 2852 345 2899 24.
372 2851 434 2898 de
454 2850 772 2898 Matrimonio
807 2866 917 2914 cap.
959 2853 1005 2898 3.
1030 2849 1273 2914 sponsalia
1311 2848 1525 2899 invalida
1559 2852 1687 2910 eJus·

264 2917 395 2968 modi
418 2916 766 2985 impedimento
790 2918 954 2967 locum
980 2917 1096 2986 dare
1120 2934 1216 2968 non
1241 2917 1493 3030 possint.A

1499 2988 1682 3030 ttamen
