1846 3250
295 142 388 189 100
794 138 1223 199 TRACTATUS

359 279 450 325 Ad.
478 279 524 324 4.
572 276 739 324 Canon
781 274 862 322 ille
909 274 1080 324 incerti
1129 285 1203 324 est
1249 277 1474 335 auctoris,
1511 295 1602 328 nec
1644 282 1692 329 in

294 345 526 407 Stephani
570 342 812 407 Operibus
855 343 1065 406 legitur3
1120 345 1248 397 unde
1273 346 1448 394 nullius
1485 359 1559 395 est,
1583 365 1697 397 auc-

290 412 512 460 toritatis.
582 412 788 474 Insuper
827 428 923 457 non
966 410 1223 460 diffitemur
1263 413 1538 477 aliquando,
1583 416 1695 466 licet.

289 480 427 528 tarde
470 479 815 528 Sacerdotibus
862 478 1172 527 orientalibus
1220 481 1500 544 permissum
1547 484 1695 532 fuisse

289 559 340 595 ut
389 548 674 611 conjugibus
721 556 832 594 ante
882 546 1247 596 Ordinationem
1296 549 1454 599 ductis
1502 560 1695 599 uteren-

287 628 381 673 tur,
437 616 650 680 quamvis
710 614 935 677 conjugia
991 624 1100 678 post
1150 616 1517 667 ordinationem
1576 636 1697 667 nun-

289 701 432 749 quam
460 684 570 748 ipsis
594 683 823 748 permissa
864 682 1059 730 fueiint.
1132 684 1271 732 Sed
1259 701 1306 732 in
1333 697 1494 734 nostra
1518 704 1695 763 propo-

288 753 461 801 sitione
511 752 573 801 de
618 749 962 800 Sacerdotibus
1019 749 1196 810 latinis,
1246 769 1342 801 non
1395 754 1456 802 de
1505 756 1692 818 graecis,

288 821 462 885 agitur.

293 940 295 943 ,
358 890 449 937 Ad.
476 891 519 936 5.
565 887 726 935 Verba
764 888 956 950 objecta
996 904 1091 935 non
1131 896 1242 937 sunt
1292 890 1573 953 Augustini,
1608 893 1697 940 sed

289 955 508 1005 Gratiani
547 955 625 1018 qui
668 956 819 1004 multa
869 956 916 1003 S.
944 956 1207 1019 Augustini
1250 960 1461 1006 textibus
1508 960 1570 1006 de
1609 975 1694 1008 suo

285 1024 486 1073 addidit.
558 1024 773 1072 Aliunde
820 1022 915 1081 dici
957 1034 1119 1087 potest
1156 1024 1499 1074 continentiam
1544 1028 1695 1076 Cleri-

286 1109 470 1150 corum,
507 1092 633 1140 sicut
668 1092 1044 1149 Monachorum,
1079 1093 1324 1155 pertiuere
1365 1094 1427 1141 ad
1466 1095 1694 1158 perfecti-

287 1178 429 1213 onem
473 1160 820 1215 conciliorum
873 1159 985 1223 quia
1035 1160 1229 1217 Clerici,
1272 1161 1399 1210 sicut
1442 1163 1694 1217 Monaclii,

286 1239 510 1295 poterant
548 1228 801 1291 sublimem
835 1228 965 1275 hunc
1006 1237 1183 1276 statum
1208 1245 1302 1276 non
1328 1229 1526 1293 eligere.
1597 1232 1694 1280 Sed

285 1299 381 1346 hoc
407 1314 500 1344 non
528 1296 728 1360 impedit
754 1296 1007 1359 quominus
1045 1296 1343 1345 continentia
1373 1314 1483 1346 eum
1517 1300 1694 1348 statum

288 1365 580 1431 eligentibus
604 1377 849 1430 praecepto
872 1363 1018 1412 fuerit
1042 1364 1272 1424 injuncta.
1693 1387 1696 1389 ·

356 1434 459 1498 Obj.
500 1436 609 1481 120·
643 1432 749 1479 Lex
791 1433 871 1479 illa
909 1432 1056 1481 sacris
1103 1431 1341 1481 Ministris
1381 1434 1555 1496 injuste
1603 1435 1694 1483 fuit

286 1519 313 1551 a
338 1501 525 1549 Latinis
567 1500 806 1563 imposita,
844 1516 985 1562 quam
1028 1509 1080 1546 ut
1111 1506 1284 1563 jugum
1313 1499 1693 1564 graviusrejecit

287 1569 562 1619 Concilium
626 1568 981 1614 oecumenicum
1038 1567 1321 1615 Christianis
1377 1570 1596 1617 omnibus
1644 1583 1693 1619 et

286 1636 431 1686 etiam
476 1634 669 1683 >Latinis
717 1635 1009 1682 venerabile.
1091 1636 1240 1697 Atqui
1290 1636 1371 1683 lex
1420 1638 1692 1694 coelibatus‚

283 1715 338 1756 ut
366 1709 538 1766 jugum
586 1702 788 1751 Clericis
824 1703 1032 1765 gravius,
1069 1708 1249 1763 rejecta
1291 1715 1363 1751 est
1401 1721 1429 1752 a
1472 1707 1693 1755 Concilio

285 1770 590 1821 oecumenico
646 1769 927 1817 Christianis
984 1770 1204 1817 omnibus
1249 1771 1458 1835 ipsisque
1508 1774 1692 1822 Latinis

284 1838 566 1896 benerabili,
604 1838 826 1884 nimirum
860 1854 889 1884 a
933 1837 1131 1901 Synodo
1159 1838 1374 1886 Nicaena.
1450 1840 1530 1888 Sic
1569 1843 1693 1889 enim

285 1906 434 1958 habet
485 1908 728 1961 Socrates,
764 1906 846 1953 lib.
886 1908 926 1952 1.
964 1906 1092 1953 Hist.
1128 1922 1234 1970 cap.
1276 1910 1351 1955 ll.
1424 1909 1558 1964 Quod
1593 1928 1694 1957 cum

285 1969 431 2027 visam*
475 1984 587 2024 esset
625 1973 851 2022 Patribus
881 1974 1108 2022 sNz'ccenis
1142 1979 1318 2023 novam
1339 1974 1480 2041 legem
1516 1979 1564 2024 in
1600 1977 1693 2026 Ec-

286 2044 466 2093 clesiam
516 2043 745 2097 inducere,
782 2049 831 2090 ut
869 2042 1137 2106 quicumque
1181 2043 1239 2090 in*
1263 2059 1441 2091 sacram
1479 2046 1694 2093 Ordinem

231 2138 233 2145 ι
286 2112 443 2160 allecti
478 2117 643 2166 essent,
690 2110 742 2157 id
775 2116 857 2165 est,
893 2109 1141 2185 Episcopi,
1166 2110 1460 2174 Praesbyteri
1491 2121 1532 2159 et
1569 2111 1695 2160 Dia-

286 2181 405 2235 coni,
442 2178 499 2226 ab
524 2194 713 2225 uxorum
739 2193 867 2241 quas,
904 2193 1002 2223 cnm
1045 2178 1184 2225 Laicz'
1214 2186 1378 2233 essent,
1415 2180 1697 2228 matrimonii

272 2252 390 2314 jure
425 2246 728 2301 sociaverant,
781 2244 1017 2292 concubitu
1056 2245 1352 2301 abstinerent,
1402 2263 1596 2309 surgens
1642 2250 1691 2295 in

288 2314 433 2365 medio
456 2311 798 2376 Episcoporum
832 2328 1042 2359 concessu
1078 2281 1382 2373 Paphnutiics
1406 2311 1506 2376 (vir
1527 2316 1692 2363 sancli-

288 2391 383 2432 late
428 2389 472 2430 et
517 2378 749 2429 miraculis
787 2375 966 2441 clarus)
998 2377 1281 2426 veliementer
1316 2379 1591 2442 vocjeratus
1625 2392 1691 2429 est

286 2468 377 2499 non
403 2466 498 2499 esse
528 2448 844 2511 imponendum
875 2445 1078 2495 Clericis
1100 2453 1144 2493 et
1188 2448 1508 2504 Sacerdotibus
1542 2467 1689 2512 grave

286 2519 371 2571 hoc
397 2520 621 2582 jugum...
653 2515 805 2563 ..satis
850 2531 947 2561 esse
980 2522 1028 2561 ut
1063 2513 1141 2578 qn‘
1180 2514 1229 2561 in
1273 2514 1453 2562 Clerum
1476 2516 1691 2578 fuissent

288 2586 528 2649 adscripti,
565 2586 710 2647 juxta
758 2589 950 2639 veterem
998 2580 1218 2637 Ecclesiae
1270 2584 1545 2631 tradtionem
1580 2588 1690 2648 jam

288 2670 378 2700 non
415 2651 615 2715 amplius
645 2667 805 2698 uxores
839 2650 1068 2704 ducerent,
1105 2666 1195 2695 non
1229 2657 1381 2697 tamen
1418 2668 1687 2717 quemquam

268 2720 613 2784 ‘sejungendum
636 2735 730 2765 esse
752 2717 809 2764 ab
832 2734 884 2764 ea
909 2734 1044 2781 quam
1076 2717 1271 2764 antehac
1298 2726 1405 2765 tunc
1439 2734 1535 2766 cum
1577 2727 1689 2767 esset

287 2787 476 2903 ἐξίστω,
546 2784 746 2848 legitime
819 2784 1400 2834 duxisset.........eceteram
1458 2785 1690 2834 universus

291 2857 328 2904 Γ
358 2853 584 2903 cerdotum
632 2859 772 2899 caetus
833 2851 1096 2912 Paphnutii
1157 2852 1433 2901 sermonibus
1477 2869 1689 2901 assensus

287 2931 387 2973 est..
392 2956 514 2972 .......
518 2917 857 2984 ’.ηεὶηςιιίονιιηι
916 2917 1109 2968 arbitrio
1150 2920 1456 2986 permiserant
1517 2928 1568 2974 ut
1630 2920 1688 2966 ab

1497 3002 1686 3036 uxorum
