<?xml version="1.0" encoding="UTF-8"?>
<!DOCTYPE html PUBLIC "-//W3C//DTD XHTML 1.0 Transitional//EN"
    "http://www.w3.org/TR/xhtml1/DTD/xhtml1-transitional.dtd">
<html xmlns="http://www.w3.org/1999/xhtml" xml:lang="en" lang="en">
 <head>
  <title>
</title>
<meta http-equiv="Content-Type" content="text/html;charset=utf-8" />
  <meta name='ocr-system' content='tesseract 3.04.00' />
  <meta name='ocr-capabilities' content='ocr_page ocr_carea ocr_par ocr_line ocrx_word'/>
</head>
<body>
  <div class='ocr_page' id='page_1' title='image "./theologica00bailuoft_0328.png"; bbox 0 0 1846 3250; ppageno 0'>
   <div class='ocr_carea' id='block_1_1' title="bbox 183 162 1133 215">
    <p class='ocr_par' dir='ltr' id='par_1_1' title="bbox 183 162 1133 215">
     <span class='ocr_line' id='line_1_1' title="bbox 183 162 1133 215; baseline 0.008 -8"><span class='ocrx_word' id='word_1_1' title='bbox 183 162 284 208; x_wconf 70' lang='lat'><strong>324</strong></span> <span class='ocrx_word' id='word_1_2' title='bbox 592 200 595 202; x_wconf 73' lang='grc'><em>.</em></span> <span class='ocrx_word' id='word_1_3' title='bbox 695 162 1133 215; x_wconf 82' lang='lat' dir='ltr'><strong>TRACTATUS</strong></span> 
     </span>
    </p>
   </div>
   <div class='ocr_carea' id='block_1_2' title="bbox 129 293 1607 1367">
    <p class='ocr_par' dir='ltr' id='par_1_2' title="bbox 176 293 1606 679">
     <span class='ocr_line' id='line_1_2' title="bbox 178 293 1605 358; baseline 0.006 -17"><span class='ocrx_word' id='word_1_4' title='bbox 178 293 314 352; x_wconf 68' lang='lat' dir='ltr'><strong>libus,</strong></span> <span class='ocrx_word' id='word_1_5' title='bbox 349 294 423 347; x_wconf 87' lang='lat' dir='ltr'><strong>tit.</strong></span> <span class='ocrx_word' id='word_1_6' title='bbox 460 294 522 343; x_wconf 88' lang='lat' dir='ltr'><strong>de</strong></span> <span class='ocrx_word' id='word_1_7' title='bbox 578 295 800 358; x_wconf 85' lang='lat' dir='ltr'><strong>Sponsal.</strong></span> <span class='ocrx_word' id='word_1_8' title='bbox 850 307 899 345; x_wconf 92' lang='lat' dir='ltr'><strong>et</strong></span> <span class='ocrx_word' id='word_1_9' title='bbox 950 297 1169 346; x_wconf 87' lang='lat' dir='ltr'><strong>Matrim.</strong></span> <span class='ocrx_word' id='word_1_10' title='bbox 1228 297 1493 349; x_wconf 79' lang='lat' dir='ltr'>declaravit</span> <span class='ocrx_word' id='word_1_11' title='bbox 1541 313 1605 349; x_wconf 78' lang='lat' dir='ltr'><strong>e&#39;x</strong></span> 
     </span>
     <span class='ocr_line' id='line_1_3' title="bbox 179 361 1603 425; baseline 0.006 -18"><span class='ocrx_word' id='word_1_12' title='bbox 179 361 485 410; x_wconf 84' lang='lat' dir='ltr'><strong>matrimonio</strong></span> <span class='ocrx_word' id='word_1_13' title='bbox 521 362 748 421; x_wconf 80' lang='lat' dir='ltr'><strong>invalide,</strong></span> <span class='ocrx_word' id='word_1_14' title='bbox 803 364 950 412; x_wconf 89' lang='lat' dir='ltr'><strong>modo</strong></span> <span class='ocrx_word' id='word_1_15' title='bbox 1000 365 1273 414; x_wconf 77' lang='lat' dir='ltr'><strong>invaliditas</strong></span> <span class='ocrx_word' id='word_1_16' title='bbox 1308 383 1404 414; x_wconf 89' lang='lat' dir='ltr'><strong>non</strong></span> <span class='ocrx_word' id='word_1_17' title='bbox 1442 368 1503 425; x_wconf 82' lang='lat' dir='ltr'><strong>sit</strong></span> <span class='ocrx_word' id='word_1_18' title='bbox 1539 384 1603 415; x_wconf 83' lang='lat' dir='ltr'><strong>ex</strong></span> 
     </span>
     <span class='ocr_line' id='line_1_4' title="bbox 181 428 1606 498; baseline 0.004 -23"><span class='ocrx_word' id='word_1_19' title='bbox 181 428 379 476; x_wconf 82' lang='lat' dir='ltr'><strong>defectu</strong></span> <span class='ocrx_word' id='word_1_20' title='bbox 438 444 722 487; x_wconf 83' lang='lat' dir='ltr'><strong>consensus,</strong></span> <span class='ocrx_word' id='word_1_21' title='bbox 781 432 915 480; x_wconf 86' lang='lat' dir='ltr'><strong>nasci</strong></span> <span class='ocrx_word' id='word_1_22' title='bbox 981 432 1285 488; x_wconf 79' lang='lat' dir='ltr'><strong>honestatem</strong></span> <span class='ocrx_word' id='word_1_23' title='bbox 1344 434 1606 498; x_wconf 82' lang='lat' dir='ltr'>publicam.</span> 
     </span>
     <span class='ocr_line' id='line_1_5' title="bbox 182 495 1604 563; baseline 0.005 -21"><span class='ocrx_word' id='word_1_24' title='bbox 182 495 337 559; x_wconf 88' lang='lat' dir='ltr'><strong>Atqui</strong></span> <span class='ocrx_word' id='word_1_25' title='bbox 375 496 731 544; x_wconf 80' lang='lat' dir='ltr'><strong>matrimonium</strong></span> <span class='ocrx_word' id='word_1_26' title='bbox 791 498 1144 547; x_wconf 86' lang='lat' dir='ltr'><strong>clandestinum</strong></span> <span class='ocrx_word' id='word_1_27' title='bbox 1194 516 1290 547; x_wconf 90' lang='lat' dir='ltr'><strong>non</strong></span> <span class='ocrx_word' id='word_1_28' title='bbox 1340 512 1414 549; x_wconf 90' lang='lat' dir='ltr'><strong>est</strong></span> <span class='ocrx_word' id='word_1_29' title='bbox 1449 502 1604 563; x_wconf 86' lang='lat' dir='ltr'><strong>magis</strong></span> 
     </span>
     <span class='ocr_line' id='line_1_6' title="bbox 178 562 1606 632; baseline 0.006 -24"><span class='ocrx_word' id='word_1_30' title='bbox 178 562 366 609; x_wconf 76' lang='lat' dir='ltr'><strong>nullum</strong></span> <span class='ocrx_word' id='word_1_31' title='bbox 403 563 604 611; x_wconf 82' lang='lat' dir='ltr'><strong>defectu</strong></span> <span class='ocrx_word' id='word_1_32' title='bbox 641 580 923 624; x_wconf 85' lang='lat' dir='ltr'><strong>consensus,</strong></span> <span class='ocrx_word' id='word_1_33' title='bbox 961 583 1105 630; x_wconf 88' lang='lat' dir='ltr'><strong>quam</strong></span> <span class='ocrx_word' id='word_1_34' title='bbox 1146 567 1266 614; x_wconf 82' lang='lat' dir='ltr'><strong>illud</strong></span> <span class='ocrx_word' id='word_1_35' title='bbox 1306 569 1437 631; x_wconf 87' lang='lat' dir='ltr'><strong>quod</strong></span> <span class='ocrx_word' id='word_1_36' title='bbox 1461 578 1606 632; x_wconf 87' lang='lat' dir='ltr'><strong>raptu</strong></span> 
     </span>
     <span class='ocr_line' id='line_1_7' title="bbox 176 629 796 679; baseline 0.008 -5"><span class='ocrx_word' id='word_1_37' title='bbox 176 629 253 676; x_wconf 82' lang='lat' dir='ltr'><strong>vel</strong></span> <span class='ocrx_word' id='word_1_38' title='bbox 281 630 482 678; x_wconf 86' lang='lat' dir='ltr'><strong>crimine</strong></span> <span class='ocrx_word' id='word_1_39' title='bbox 506 631 562 678; x_wconf 74' lang='lat' dir='ltr'><strong>fit</strong></span> <span class='ocrx_word' id='word_1_40' title='bbox 591 631 796 679; x_wconf 86' lang='lat' dir='ltr'><strong>irritum.</strong></span> 
     </span>
    </p>

    <p class='ocr_par' dir='ltr' id='par_1_3' title="bbox 175 697 1605 827">
     <span class='ocr_line' id='line_1_8' title="bbox 251 697 1605 764; baseline 0.004 -20"><span class='ocrx_word' id='word_1_41' title='bbox 251 697 443 752; x_wconf 59' lang='lat' dir='ltr'><strong>Quaeres</strong></span> <span class='ocrx_word' id='word_1_42' title='bbox 484 702 562 747; x_wconf 88' lang='lat'><strong>60·</strong></span> <span class='ocrx_word' id='word_1_43' title='bbox 603 715 700 762; x_wconf 91' lang='lat' dir='ltr'><strong>quo</strong></span> <span class='ocrx_word' id='word_1_44' title='bbox 727 703 840 759; x_wconf 87' lang='lat' dir='ltr'><strong>jure</strong></span> <span class='ocrx_word' id='word_1_45' title='bbox 888 698 1290 764; x_wconf 84' lang='lat' dir='ltr'><strong>impedimentum</strong></span> <span class='ocrx_word' id='word_1_46' title='bbox 1338 701 1605 751; x_wconf 81' lang='lat' dir='ltr'><strong>honestatis</strong></span> 
     </span>
     <span class='ocr_line' id='line_1_9' title="bbox 175 763 1452 827; baseline 0.005 -16"><span class='ocrx_word' id='word_1_47' title='bbox 175 763 384 827; x_wconf 83' lang='lat' dir='ltr'><strong>publicae</strong></span> <span class='ocrx_word' id='word_1_48' title='bbox 404 765 549 814; x_wconf 87' lang='lat' dir='ltr'><strong>fuerit</strong></span> <span class='ocrx_word' id='word_1_49' title='bbox 567 765 855 814; x_wconf 84' lang='lat' dir='ltr'><strong>inductum?</strong></span> <span class='ocrx_word' id='word_1_50' title='bbox 1450 803 1452 805; x_wconf 91' lang='lat'><em>-</em></span> 
     </span>
    </p>

    <p class='ocr_par' dir='ltr' id='par_1_4' title="bbox 168 831 1605 1025">
     <span class='ocr_line' id='line_1_10' title="bbox 245 831 1602 896; baseline 0.004 -19"><span class='ocrx_word' id='word_1_51' title='bbox 245 831 311 878; x_wconf 81' lang='lat' dir='ltr'><strong>R.</strong></span> <span class='ocrx_word' id='word_1_52' title='bbox 337 832 739 896; x_wconf 84' lang='lat' dir='ltr'><strong>impedimentum</strong></span> <span class='ocrx_word' id='word_1_53' title='bbox 763 833 901 890; x_wconf 87' lang='lat' dir='ltr'><strong>illud,</strong></span> <span class='ocrx_word' id='word_1_54' title='bbox 937 833 1203 882; x_wconf 86' lang='lat' dir='ltr'><strong>fatentibus</strong></span> <span class='ocrx_word' id='word_1_55' title='bbox 1229 835 1472 891; x_wconf 86' lang='lat' dir='ltr'><strong>omnibus,</strong></span> <span class='ocrx_word' id='word_1_56' title='bbox 1499 835 1602 883; x_wconf 81' lang='lat' dir='ltr'><strong>solo</strong></span> 
     </span>
     <span class='ocr_line' id='line_1_11' title="bbox 168 898 1605 959; baseline 0.003 -15"><span class='ocrx_word' id='word_1_57' title='bbox 168 900 286 959; x_wconf 80' lang='lat' dir='ltr'><strong>jure</strong></span> <span class='ocrx_word' id='word_1_58' title='bbox 307 898 518 947; x_wconf 90' lang='lat' dir='ltr'><strong>humano</strong></span> <span class='ocrx_word' id='word_1_59' title='bbox 550 910 637 948; x_wconf 86' lang='lat' dir='ltr'><strong>aut</strong></span> <span class='ocrx_word' id='word_1_60' title='bbox 679 899 1014 948; x_wconf 77' lang='lat' dir='ltr'><strong>ecclesiastico</strong></span> <span class='ocrx_word' id='word_1_61' title='bbox 1053 912 1137 949; x_wconf 89' lang='lat' dir='ltr'><strong>aut</strong></span> <span class='ocrx_word' id='word_1_62' title='bbox 1180 902 1305 949; x_wconf 88' lang='lat' dir='ltr'><strong>civili</strong></span> <span class='ocrx_word' id='word_1_63' title='bbox 1348 903 1605 952; x_wconf 86' lang='lat' dir='ltr'><strong>inductum</strong></span> 
     </span>
     <span class='ocr_line' id='line_1_12' title="bbox 178 967 1470 1025; baseline 0.002 -13"><span class='ocrx_word' id='word_1_64' title='bbox 178 981 300 1013; x_wconf 85' lang='lat' dir='ltr'><strong>esse.</strong></span> <span class='ocrx_word' id='word_1_65' title='bbox 374 967 521 1015; x_wconf 89' lang='lat' dir='ltr'><strong>Unde</strong></span> <span class='ocrx_word' id='word_1_66' title='bbox 550 967 782 1015; x_wconf 85' lang='lat' dir='ltr'><strong>Infideles</strong></span> <span class='ocrx_word' id='word_1_67' title='bbox 809 968 965 1015; x_wconf 83' lang='lat' dir='ltr'><strong>eidem</strong></span> <span class='ocrx_word' id='word_1_68' title='bbox 992 984 1095 1025; x_wconf 73' lang='lat' dir='ltr'><strong>non</strong></span> <span class='ocrx_word' id='word_1_69' title='bbox 1114 980 1225 1016; x_wconf 87' lang='lat' dir='ltr'><strong>sunt</strong></span> <span class='ocrx_word' id='word_1_70' title='bbox 1253 968 1470 1017; x_wconf 83' lang='lat' dir='ltr'><strong>obnoxii.</strong></span> 
     </span>
    </p>

    <p class='ocr_par' dir='ltr' id='par_1_5' title="bbox 175 1032 1607 1165">
     <span class='ocr_line' id='line_1_13' title="bbox 200 1032 1607 1098; baseline 0.002 -19"><span class='ocrx_word' id='word_1_71' title='bbox 200 1065 205 1069; x_wconf 82' lang='lat'>-</span> <span class='ocrx_word' id='word_1_72' title='bbox 244 1032 369 1081; x_wconf 82' lang='lat' dir='ltr'><strong>Inde</strong></span> <span class='ocrx_word' id='word_1_73' title='bbox 405 1034 626 1096; x_wconf 87' lang='lat' dir='ltr'><strong>sequitur</strong></span> <span class='ocrx_word' id='word_1_74' title='bbox 661 1051 802 1097; x_wconf 90' lang='lat' dir='ltr'><strong>posse</strong></span> <span class='ocrx_word' id='word_1_75' title='bbox 856 1036 1066 1085; x_wconf 80' lang='lat' dir='ltr'><strong>relaxari</strong></span> <span class='ocrx_word' id='word_1_76' title='bbox 1118 1036 1238 1083; x_wconf 84' lang='lat' dir='ltr'><strong>illud</strong></span> <span class='ocrx_word' id='word_1_77' title='bbox 1289 1035 1607 1098; x_wconf 87' lang='lat' dir='ltr'><strong>impedimen-</strong></span> 
     </span>
     <span class='ocr_line' id='line_1_14' title="bbox 175 1100 1603 1165; baseline 0.002 -18"><span class='ocrx_word' id='word_1_78' title='bbox 175 1108 296 1147; x_wconf 85' lang='lat' dir='ltr'><strong>tum.</strong></span> <span class='ocrx_word' id='word_1_79' title='bbox 367 1100 439 1149; x_wconf 82' lang='lat' dir='ltr'><strong>Ut</strong></span> <span class='ocrx_word' id='word_1_80' title='bbox 470 1102 597 1150; x_wconf 80' lang='lat' dir='ltr'><strong>illius</strong></span> <span class='ocrx_word' id='word_1_81' title='bbox 641 1102 937 1165; x_wconf 74' lang='lat' dir='ltr'><strong>dispensatio</strong></span> <span class='ocrx_word' id='word_1_82' title='bbox 977 1103 1268 1160; x_wconf 80' lang='lat' dir='ltr'><strong>obtineatur,</strong></span> <span class='ocrx_word' id='word_1_83' title='bbox 1293 1104 1491 1150; x_wconf 39' lang='lat' dir='ltr'><strong>,recurri</strong></span> <span class='ocrx_word' id='word_1_84' title='bbox 1526 1119 1603 1150; x_wconf 89' lang='lat' dir='ltr'><strong>so·</strong></span> 
     </span>
    </p>

    <p class='ocr_par' dir='ltr' id='par_1_6' title="bbox 129 1167 1603 1367">
     <span class='ocr_line' id='line_1_15' title="bbox 129 1167 1602 1233; baseline 0.002 -19"><span class='ocrx_word' id='word_1_85' title='bbox 129 1174 138 1181; x_wconf 79' lang='grc'><strong>”</strong></span> <span class='ocrx_word' id='word_1_86' title='bbox 174 1167 244 1215; x_wconf 78' lang='lat' dir='ltr'><strong>let</strong></span> <span class='ocrx_word' id='word_1_87' title='bbox 268 1167 330 1214; x_wconf 88' lang='lat' dir='ltr'><strong>ad</strong></span> <span class='ocrx_word' id='word_1_88' title='bbox 357 1167 535 1216; x_wconf 86' lang='lat' dir='ltr'><strong>Sedem</strong></span> <span class='ocrx_word' id='word_1_89' title='bbox 577 1170 911 1232; x_wconf 86' lang='lat' dir='ltr'><strong>apostolicam.</strong></span> <span class='ocrx_word' id='word_1_90' title='bbox 1007 1169 1216 1223; x_wconf 78' lang='lat' dir='ltr'><strong>Quidam</strong></span> <span class='ocrx_word' id='word_1_91' title='bbox 1259 1179 1422 1218; x_wconf 87' lang='lat' dir='ltr'><strong>tamen</strong></span> <span class='ocrx_word' id='word_1_92' title='bbox 1460 1169 1602 1233; x_wconf 89' lang='lat' dir='ltr'><strong>Epis-</strong></span> 
     </span>
     <span class='ocr_line' id='line_1_16' title="bbox 174 1233 1603 1300; baseline 0.002 -20"><span class='ocrx_word' id='word_1_93' title='bbox 174 1234 282 1298; x_wconf 81' lang='lat' dir='ltr'><strong>copi</strong></span> <span class='ocrx_word' id='word_1_94' title='bbox 310 1251 371 1282; x_wconf 87' lang='lat' dir='ltr'><strong>ex</strong></span> <span class='ocrx_word' id='word_1_95' title='bbox 398 1233 588 1284; x_wconf 89' lang='lat' dir='ltr'><strong>indulto</strong></span> <span class='ocrx_word' id='word_1_96' title='bbox 611 1237 661 1284; x_wconf 88' lang='lat' dir='ltr'><strong>S.</strong></span> <span class='ocrx_word' id='word_1_97' title='bbox 680 1235 931 1283; x_wconf 87' lang='lat' dir='ltr'><strong>Pontificis</strong></span> <span class='ocrx_word' id='word_1_98' title='bbox 955 1236 1001 1282; x_wconf 90' lang='lat' dir='ltr'><strong>in</strong></span> <span class='ocrx_word' id='word_1_99' title='bbox 1027 1237 1122 1282; x_wconf 85' lang='lat' dir='ltr'><strong>hac</strong></span> <span class='ocrx_word' id='word_1_100' title='bbox 1147 1247 1285 1299; x_wconf 83' lang='lat' dir='ltr'><strong>parte</strong></span> <span class='ocrx_word' id='word_1_101' title='bbox 1306 1237 1603 1300; x_wconf 82' lang='lat' dir='ltr'><strong>dispensant.</strong></span> 
     </span>
     <span class='ocr_line' id='line_1_17' title="bbox 176 1300 1384 1367; baseline 0.002 -19"><span class='ocrx_word' id='word_1_102' title='bbox 176 1300 242 1349; x_wconf 77' lang='lat' dir='ltr'><strong>Iis</strong></span> <span class='ocrx_word' id='word_1_103' title='bbox 266 1300 707 1366; x_wconf 83' lang='lat' dir='ltr'><strong>dispensationibus</strong></span> <span class='ocrx_word' id='word_1_104' title='bbox 732 1313 949 1367; x_wconf 85' lang='lat' dir='ltr'><strong>potestas</strong></span> <span class='ocrx_word' id='word_1_105' title='bbox 975 1303 1128 1351; x_wconf 85' lang='lat' dir='ltr'><strong>civilis</strong></span> <span class='ocrx_word' id='word_1_106' title='bbox 1152 1303 1384 1351; x_wconf 76' lang='lat' dir='ltr'><strong>adhaeret.</strong></span> 
     </span>
    </p>
   </div>
   <div class='ocr_carea' id='block_1_3' title="bbox 537 1437 1244 1501">
    <p class='ocr_par' dir='ltr' id='par_1_7' title="bbox 537 1437 1244 1501">
     <span class='ocr_line' id='line_1_18' title="bbox 537 1437 1244 1501; baseline -0.003 -12"><span class='ocrx_word' id='word_1_107' title='bbox 537 1439 617 1489; x_wconf 81' lang='lat' dir='ltr'><strong>De</strong></span> <span class='ocrx_word' id='word_1_108' title='bbox 636 1438 963 1501; x_wconf 72' lang='lat' dir='ltr'><strong>impedimento</strong></span> <span class='ocrx_word' id='word_1_109' title='bbox 996 1437 1244 1488; x_wconf 80' lang='lat' dir='ltr'><strong>Amentiae.</strong></span> 
     </span>
    </p>
   </div>
   <div class='ocr_carea' id='block_1_4' title="bbox 100 1570 1634 3023">
    <p class='ocr_par' dir='ltr' id='par_1_8' title="bbox 172 1570 1600 1773">
     <span class='ocr_line' id='line_1_19' title="bbox 244 1570 1600 1636; baseline 0.001 -18"><span class='ocrx_word' id='word_1_110' title='bbox 244 1570 531 1619; x_wconf 88' lang='lat' dir='ltr'><strong>Amentium</strong></span> <span class='ocrx_word' id='word_1_111' title='bbox 566 1572 762 1619; x_wconf 90' lang='lat' dir='ltr'><strong>nomine</strong></span> <span class='ocrx_word' id='word_1_112' title='bbox 814 1570 847 1618; x_wconf 88' lang='lat' dir='ltr'><strong>ii</strong></span> <span class='ocrx_word' id='word_1_113' title='bbox 900 1587 1068 1619; x_wconf 88' lang='lat' dir='ltr'><strong>omnes</strong></span> <span class='ocrx_word' id='word_1_114' title='bbox 1119 1570 1486 1635; x_wconf 67' lang='lat' dir='ltr'><strong>intelliguntur,</strong></span> <span class='ocrx_word' id='word_1_115' title='bbox 1519 1572 1600 1636; x_wconf 89' lang='lat' dir='ltr'><strong>qui</strong></span> 
     </span>
     <span class='ocr_line' id='line_1_20' title="bbox 174 1636 1600 1700; baseline 0.002 -16"><span class='ocrx_word' id='word_1_116' title='bbox 174 1636 384 1686; x_wconf 80' lang='lat' dir='ltr'><strong>liberum</strong></span> <span class='ocrx_word' id='word_1_117' title='bbox 408 1638 606 1686; x_wconf 84' lang='lat' dir='ltr'><strong>rationis</strong></span> <span class='ocrx_word' id='word_1_118' title='bbox 632 1654 771 1686; x_wconf 87' lang='lat' dir='ltr'><strong>usum</strong></span> <span class='ocrx_word' id='word_1_119' title='bbox 796 1655 893 1686; x_wconf 91' lang='lat' dir='ltr'><strong>non</strong></span> <span class='ocrx_word' id='word_1_120' title='bbox 930 1639 1131 1698; x_wconf 87' lang='lat' dir='ltr'><strong>habent,</strong></span> <span class='ocrx_word' id='word_1_121' title='bbox 1152 1649 1222 1697; x_wconf 28' lang='lat' dir='ltr'><strong>,ut</strong></span> <span class='ocrx_word' id='word_1_122' title='bbox 1263 1651 1376 1687; x_wconf 84' lang='lat' dir='ltr'><strong>sunt</strong></span> <span class='ocrx_word' id='word_1_123' title='bbox 1411 1640 1600 1700; x_wconf 82' lang='lat' dir='ltr'><strong>furiosi,</strong></span> 
     </span>
     <span class='ocr_line' id='line_1_21' title="bbox 172 1704 1500 1773; baseline 0.002 -22"><span class='ocrx_word' id='word_1_124' title='bbox 172 1704 458 1763; x_wconf 84' lang='lat' dir='ltr'><strong>imbecilles,</strong></span> <span class='ocrx_word' id='word_1_125' title='bbox 484 1710 575 1753; x_wconf 58' lang='lat' dir='ltr'><strong>&amp;cu</strong></span> <span class='ocrx_word' id='word_1_126' title='bbox 1495 1765 1500 1773; x_wconf 92' lang='lat'><em>.</em></span> 
     </span>
    </p>

    <p class='ocr_par' dir='ltr' id='par_1_9' title="bbox 247 1770 1604 1837">
     <span class='ocr_line' id='line_1_22' title="bbox 247 1770 1604 1837; baseline 0.001 -16"><span class='ocrx_word' id='word_1_127' title='bbox 247 1774 448 1821; x_wconf 86' lang='lat' dir='ltr'><strong>Certum</strong></span> <span class='ocrx_word' id='word_1_128' title='bbox 476 1785 549 1820; x_wconf 86' lang='lat' dir='ltr'><strong>est</strong></span> <span class='ocrx_word' id='word_1_129' title='bbox 581 1773 650 1820; x_wconf 86' lang='lat'><strong>1⁰·</strong></span> <span class='ocrx_word' id='word_1_130' title='bbox 675 1781 913 1837; x_wconf 89' lang='lat' dir='ltr'><strong>perpetua</strong></span> <span class='ocrx_word' id='word_1_131' title='bbox 935 1770 1147 1820; x_wconf 87' lang='lat' dir='ltr'><strong>amentia</strong></span> <span class='ocrx_word' id='word_1_132' title='bbox 1180 1771 1458 1821; x_wconf 81' lang='lat' dir='ltr'><strong>laborantes</strong></span> <span class='ocrx_word' id='word_1_133' title='bbox 1490 1779 1604 1835; x_wconf 74' lang='lat' dir='ltr'><strong>jnre</strong></span> 
     </span>
    </p>

    <p class='ocr_par' dir='ltr' id='par_1_10' title="bbox 100 1839 1632 2038">
     <span class='ocr_line' id='line_1_23' title="bbox 100 1839 1632 1897; baseline 0.002 -12"><span class='ocrx_word' id='word_1_134' title='bbox 100 1847 104 1849; x_wconf 71' lang='grc'><strong><em>’</em></strong></span> <span class='ocrx_word' id='word_1_135' title='bbox 174 1840 384 1888; x_wconf 81' lang='lat' dir='ltr'><strong>naturali</strong></span> <span class='ocrx_word' id='word_1_136' title='bbox 408 1840 470 1887; x_wconf 88' lang='lat' dir='ltr'><strong>ad</strong></span> <span class='ocrx_word' id='word_1_137' title='bbox 496 1841 884 1890; x_wconf 86' lang='lat' dir='ltr'><strong>contrahendum</strong></span> <span class='ocrx_word' id='word_1_138' title='bbox 925 1839 1284 1887; x_wconf 87' lang='lat' dir='ltr'><strong>matrimonium</strong></span> <span class='ocrx_word' id='word_1_139' title='bbox 1327 1856 1433 1888; x_wconf 82' lang='lat' dir='ltr'><strong>esse</strong></span> <span class='ocrx_word' id='word_1_140' title='bbox 1465 1840 1632 1897; x_wconf 47' lang='lat' dir='ltr'><strong>inbaae</strong></span> 
     </span>
     <span class='ocr_line' id='line_1_24' title="bbox 168 1906 1596 1971; baseline 0.001 -18"><span class='ocrx_word' id='word_1_141' title='bbox 168 1906 310 1964; x_wconf 83' lang='lat' dir='ltr'><strong>biles,</strong></span> <span class='ocrx_word' id='word_1_142' title='bbox 348 1920 460 1954; x_wconf 86' lang='lat' dir='ltr'><strong>cum</strong></span> <span class='ocrx_word' id='word_1_143' title='bbox 486 1923 582 1954; x_wconf 93' lang='lat' dir='ltr'><strong>non</strong></span> <span class='ocrx_word' id='word_1_144' title='bbox 607 1907 704 1955; x_wconf 86' lang='lat' dir='ltr'><strong>sint</strong></span> <span class='ocrx_word' id='word_1_145' title='bbox 727 1923 935 1971; x_wconf 81' lang='lat' dir='ltr'><strong>capaces</strong></span> <span class='ocrx_word' id='word_1_146' title='bbox 975 1911 1144 1955; x_wconf 79' lang='lat' dir='ltr'><strong>sensus</strong></span> <span class='ocrx_word' id='word_1_147' title='bbox 1183 1907 1289 1955; x_wconf 87' lang='lat' dir='ltr'><strong>sine</strong></span> <span class='ocrx_word' id='word_1_148' title='bbox 1315 1923 1412 1971; x_wconf 92' lang='lat' dir='ltr'><strong>quo</strong></span> <span class='ocrx_word' id='word_1_149' title='bbox 1436 1908 1596 1956; x_wconf 80' lang='lat' dir='ltr'><strong>nullus</strong></span> 
     </span>
     <span class='ocr_line' id='line_1_25' title="bbox 171 1984 790 2038; baseline 0.003 -18"><span class='ocrx_word' id='word_1_150' title='bbox 171 1984 454 2022; x_wconf 77' lang='lat' dir='ltr'><strong>contractus</strong></span> <span class='ocrx_word' id='word_1_151' title='bbox 479 1990 585 2023; x_wconf 88' lang='lat' dir='ltr'><strong>esse</strong></span> <span class='ocrx_word' id='word_1_152' title='bbox 611 1984 790 2038; x_wconf 87' lang='lat' dir='ltr'><strong>potest.</strong></span> 
     </span>
    </p>

    <p class='ocr_par' dir='ltr' id='par_1_11' title="bbox 169 2040 1602 2640">
     <span class='ocr_line' id='line_1_26' title="bbox 243 2040 1602 2104; baseline 0.002 -17"><span class='ocrx_word' id='word_1_153' title='bbox 243 2043 326 2094; x_wconf 67' lang='lat'><strong>20³</strong></span> <span class='ocrx_word' id='word_1_154' title='bbox 367 2041 417 2088; x_wconf 88' lang='lat' dir='ltr'><strong>Si</strong></span> <span class='ocrx_word' id='word_1_155' title='bbox 444 2042 691 2090; x_wconf 86' lang='lat' dir='ltr'><strong>dementia</strong></span> <span class='ocrx_word' id='word_1_156' title='bbox 714 2058 811 2089; x_wconf 88' lang='lat' dir='ltr'><strong>non</strong></span> <span class='ocrx_word' id='word_1_157' title='bbox 835 2040 897 2088; x_wconf 88' lang='lat' dir='ltr'><strong>sit</strong></span> <span class='ocrx_word' id='word_1_158' title='bbox 921 2050 1175 2104; x_wconf 87' lang='lat' dir='ltr'><strong>perpetua,</strong></span> <span class='ocrx_word' id='word_1_159' title='bbox 1212 2050 1414 2104; x_wconf 85' lang='lat' dir='ltr'><strong>possunt</strong></span> <span class='ocrx_word' id='word_1_160' title='bbox 1435 2040 1516 2104; x_wconf 87' lang='lat' dir='ltr'><strong>qui</strong></span> <span class='ocrx_word' id='word_1_161' title='bbox 1542 2057 1602 2090; x_wconf 84' lang='lat' dir='ltr'><strong>ea</strong></span> 
     </span>
     <span class='ocr_line' id='line_1_27' title="bbox 170 2107 1601 2160; baseline 0.001 -6"><span class='ocrx_word' id='word_1_162' title='bbox 170 2108 393 2156; x_wconf 78' lang='lat' dir='ltr'><strong>laborant</strong></span> <span class='ocrx_word' id='word_1_163' title='bbox 418 2107 465 2160; x_wconf 84' lang='lat' dir='ltr'><strong>in</strong></span> <span class='ocrx_word' id='word_1_164' title='bbox 490 2108 662 2156; x_wconf 88' lang='lat' dir='ltr'><strong>lucidis</strong></span> <span class='ocrx_word' id='word_1_165' title='bbox 704 2108 967 2156; x_wconf 85' lang='lat' dir='ltr'><strong>intervallis</strong></span> <span class='ocrx_word' id='word_1_166' title='bbox 990 2107 1201 2156; x_wconf 85' lang='lat' dir='ltr'><strong>validum</strong></span> <span class='ocrx_word' id='word_1_167' title='bbox 1242 2107 1601 2156; x_wconf 87' lang='lat' dir='ltr'><strong>matrimonium</strong></span> 
     </span>
     <span class='ocr_line' id='line_1_28' title="bbox 173 2174 1601 2238; baseline 0.001 -17"><span class='ocrx_word' id='word_1_168' title='bbox 173 2175 480 2223; x_wconf 86' lang='lat' dir='ltr'><strong>contrahere.</strong></span> <span class='ocrx_word' id='word_1_169' title='bbox 565 2176 705 2223; x_wconf 86' lang='lat' dir='ltr'><strong>Idem</strong></span> <span class='ocrx_word' id='word_1_170' title='bbox 754 2174 1013 2222; x_wconf 85' lang='lat' dir='ltr'><strong>dicendum</strong></span> <span class='ocrx_word' id='word_1_171' title='bbox 1050 2184 1125 2223; x_wconf 88' lang='lat' dir='ltr'><strong>est</strong></span> <span class='ocrx_word' id='word_1_172' title='bbox 1159 2174 1221 2222; x_wconf 90' lang='lat' dir='ltr'><strong>de</strong></span> <span class='ocrx_word' id='word_1_173' title='bbox 1257 2174 1314 2222; x_wconf 78' lang='lat' dir='ltr'><strong>iis</strong></span> <span class='ocrx_word' id='word_1_174' title='bbox 1360 2175 1440 2238; x_wconf 88' lang='lat' dir='ltr'><strong>qui</strong></span> <span class='ocrx_word' id='word_1_175' title='bbox 1498 2191 1601 2222; x_wconf 88' lang='lat' dir='ltr'><strong>non</strong></span> 
     </span>
     <span class='ocr_line' id='line_1_29' title="bbox 171 2241 1599 2297; baseline 0.001 -10"><span class='ocrx_word' id='word_1_176' title='bbox 171 2241 301 2288; x_wconf 89' lang='lat' dir='ltr'><strong>omni</strong></span> <span class='ocrx_word' id='word_1_177' title='bbox 361 2241 550 2290; x_wconf 88' lang='lat' dir='ltr'><strong>ratione</strong></span> <span class='ocrx_word' id='word_1_178' title='bbox 586 2251 670 2289; x_wconf 86' lang='lat' dir='ltr'><strong>aut</strong></span> <span class='ocrx_word' id='word_1_179' title='bbox 706 2241 930 2288; x_wconf 89' lang='lat' dir='ltr'><strong>libertate</strong></span> <span class='ocrx_word' id='word_1_180' title='bbox 968 2251 1205 2297; x_wconf 73' lang='lat' dir='ltr'><strong>carentes,</strong></span> <span class='ocrx_word' id='word_1_181' title='bbox 1243 2241 1404 2289; x_wconf 89' lang='lat' dir='ltr'><strong>debile</strong></span> <span class='ocrx_word' id='word_1_182' title='bbox 1436 2252 1599 2289; x_wconf 85' lang='lat' dir='ltr'><strong>tamen</strong></span> 
     </span>
     <span class='ocr_line' id='line_1_30' title="bbox 170 2307 1598 2371; baseline 0.001 -17"><span class='ocrx_word' id='word_1_183' title='bbox 170 2308 420 2371; x_wconf 81' lang='lat' dir='ltr'><strong>ingenium</strong></span> <span class='ocrx_word' id='word_1_184' title='bbox 470 2309 668 2357; x_wconf 84' lang='lat' dir='ltr'><strong>habent.</strong></span> <span class='ocrx_word' id='word_1_185' title='bbox 761 2307 867 2356; x_wconf 86' lang='lat' dir='ltr'><strong>Sed.</strong></span> <span class='ocrx_word' id='word_1_186' title='bbox 911 2307 943 2353; x_wconf 92' lang='lat' dir='ltr'><strong>ii</strong></span> <span class='ocrx_word' id='word_1_187' title='bbox 997 2323 1164 2354; x_wconf 90' lang='lat' dir='ltr'><strong>omnes</strong></span> <span class='ocrx_word' id='word_1_188' title='bbox 1217 2323 1245 2353; x_wconf 90' lang='lat' dir='ltr'><strong>a</strong></span> <span class='ocrx_word' id='word_1_189' title='bbox 1291 2307 1598 2361; x_wconf 83' lang='lat' dir='ltr'><strong>matrimonio</strong></span> 
     </span>
     <span class='ocr_line' id='line_1_31' title="bbox 171 2374 1597 2438; baseline -0.001 -15"><span class='ocrx_word' id='word_1_190' title='bbox 171 2376 356 2424; x_wconf 88' lang='lat' dir='ltr'><strong>debent</strong></span> <span class='ocrx_word' id='word_1_191' title='bbox 380 2376 590 2431; x_wconf 86' lang='lat' dir='ltr'><strong>avocari,</strong></span> <span class='ocrx_word' id='word_1_192' title='bbox 627 2374 795 2423; x_wconf 84' lang='lat' dir='ltr'><strong>sifieri</strong></span> <span class='ocrx_word' id='word_1_193' title='bbox 819 2383 999 2438; x_wconf 88' lang='lat' dir='ltr'><strong>potest,</strong></span> <span class='ocrx_word' id='word_1_194' title='bbox 1034 2375 1094 2422; x_wconf 95' lang='lat' dir='ltr'><strong>ob</strong></span> <span class='ocrx_word' id='word_1_195' title='bbox 1137 2374 1289 2421; x_wconf 87' lang='lat' dir='ltr'><strong>multa</strong></span> <span class='ocrx_word' id='word_1_196' title='bbox 1323 2390 1429 2435; x_wconf 83' lang='lat' dir='ltr'><strong>quae</strong></span> <span class='ocrx_word' id='word_1_197' title='bbox 1470 2379 1597 2436; x_wconf 84' lang='lat' dir='ltr'><strong>ejus-</strong></span> 
     </span>
     <span class='ocr_line' id='line_1_32' title="bbox 171 2440 1598 2506; baseline -0.001 -16"><span class='ocrx_word' id='word_1_198' title='bbox 171 2443 302 2490; x_wconf 84' lang='lat' dir='ltr'><strong>modi</strong></span> <span class='ocrx_word' id='word_1_199' title='bbox 362 2442 677 2491; x_wconf 86' lang='lat' dir='ltr'><strong>matrimoniis</strong></span> <span class='ocrx_word' id='word_1_200' title='bbox 724 2441 977 2489; x_wconf 87' lang='lat' dir='ltr'><strong>imminent</strong></span> <span class='ocrx_word' id='word_1_201' title='bbox 1034 2440 1269 2506; x_wconf 84' lang='lat' dir='ltr'><strong>pericula.</strong></span> <span class='ocrx_word' id='word_1_202' title='bbox 1364 2442 1510 2495; x_wconf 80' lang='lat' dir='ltr'><strong>Quod</strong></span> <span class='ocrx_word' id='word_1_203' title='bbox 1555 2441 1598 2505; x_wconf 82' lang='lat' dir='ltr'><strong>si</strong></span> 
     </span>
     <span class='ocr_line' id='line_1_33' title="bbox 169 2507 1596 2574; baseline -0.002 -16"><span class='ocrx_word' id='word_1_204' title='bbox 169 2520 397 2573; x_wconf 85' lang='lat' dir='ltr'><strong>parentes</strong></span> <span class='ocrx_word' id='word_1_205' title='bbox 433 2510 711 2574; x_wconf 85' lang='lat' dir='ltr'><strong>importune</strong></span> <span class='ocrx_word' id='word_1_206' title='bbox 762 2507 1001 2567; x_wconf 88' lang='lat' dir='ltr'><strong>insistant,</strong></span> <span class='ocrx_word' id='word_1_207' title='bbox 1055 2523 1083 2556; x_wconf 84' lang='lat' dir='ltr'><strong>a</strong></span> <span class='ocrx_word' id='word_1_208' title='bbox 1143 2507 1365 2556; x_wconf 90' lang='lat' dir='ltr'><strong>Parocho</strong></span> <span class='ocrx_word' id='word_1_209' title='bbox 1408 2507 1596 2556; x_wconf 87' lang='lat' dir='ltr'><strong>consuli</strong></span> 
     </span>
     <span class='ocr_line' id='line_1_34' title="bbox 169 2576 636 2640; baseline 0 -16"><span class='ocrx_word' id='word_1_210' title='bbox 169 2577 319 2638; x_wconf 86' lang='lat' dir='ltr'><strong>debet</strong></span> <span class='ocrx_word' id='word_1_211' title='bbox 346 2576 636 2640; x_wconf 85' lang='lat' dir='ltr'><strong>Episcopus.</strong></span> 
     </span>
    </p>

    <p class='ocr_par' dir='ltr' id='par_1_12' title="bbox 153 2640 1634 3023">
     <span class='ocr_line' id='line_1_35' title="bbox 242 2640 1598 2707; baseline 0.001 -17"><span class='ocrx_word' id='word_1_212' title='bbox 242 2647 321 2690; x_wconf 77' lang='lat'><strong>30·</strong></span> <span class='ocrx_word' id='word_1_213' title='bbox 361 2643 505 2706; x_wconf 78' lang='lat' dir='ltr'><strong>Surdi</strong></span> <span class='ocrx_word' id='word_1_214' title='bbox 541 2652 590 2691; x_wconf 87' lang='lat' dir='ltr'><strong>et</strong></span> <span class='ocrx_word' id='word_1_215' title='bbox 626 2642 765 2699; x_wconf 86' lang='lat' dir='ltr'><strong>muti,</strong></span> <span class='ocrx_word' id='word_1_216' title='bbox 803 2641 883 2707; x_wconf 89' lang='lat' dir='ltr'><strong>qui</strong></span> <span class='ocrx_word' id='word_1_217' title='bbox 920 2640 1034 2690; x_wconf 87' lang='lat' dir='ltr'><strong>satis</strong></span> <span class='ocrx_word' id='word_1_218' title='bbox 1086 2640 1367 2690; x_wconf 81' lang='lat' dir='ltr'><strong>intellectus</strong></span> <span class='ocrx_word' id='word_1_219' title='bbox 1412 2642 1598 2691; x_wconf 85' lang='lat' dir='ltr'><strong>habent</strong></span> 
     </span>
     <span class='ocr_line' id='line_1_36' title="bbox 172 2708 1597 2773; baseline -0.001 -15"><span class='ocrx_word' id='word_1_220' title='bbox 172 2720 227 2758; x_wconf 81' lang='lat' dir='ltr'><strong>ut</strong></span> <span class='ocrx_word' id='word_1_221' title='bbox 246 2709 397 2772; x_wconf 83' lang='lat' dir='ltr'><strong>signis</strong></span> <span class='ocrx_word' id='word_1_222' title='bbox 422 2709 617 2759; x_wconf 86' lang='lat' dir='ltr'><strong>edoceri</strong></span> <span class='ocrx_word' id='word_1_223' title='bbox 644 2711 828 2771; x_wconf 85' lang='lat' dir='ltr'><strong>possint</strong></span> <span class='ocrx_word' id='word_1_224' title='bbox 867 2709 984 2773; x_wconf 88' lang='lat' dir='ltr'><strong>quid</strong></span> <span class='ocrx_word' id='word_1_225' title='bbox 1016 2708 1087 2769; x_wconf 52' lang='lat' dir='ltr'><strong>„sit</strong></span> <span class='ocrx_word' id='word_1_226' title='bbox 1126 2708 1342 2770; x_wconf 88' lang='lat' dir='ltr'><strong>Religio,</strong></span> <span class='ocrx_word' id='word_1_227' title='bbox 1378 2709 1493 2771; x_wconf 89' lang='lat' dir='ltr'><strong>quid</strong></span> <span class='ocrx_word' id='word_1_228' title='bbox 1533 2709 1597 2757; x_wconf 85' lang='lat' dir='ltr'><strong>sit</strong></span> 
     </span>
     <span class='ocr_line' id='line_1_37' title="bbox 170 2774 1634 2840; baseline 0 -16"><span class='ocrx_word' id='word_1_229' title='bbox 170 2776 545 2831; x_wconf 85' lang='lat' dir='ltr'><strong>matrimonium,</strong></span> <span class='ocrx_word' id='word_1_230' title='bbox 584 2777 765 2840; x_wconf 89' lang='lat' dir='ltr'><strong>quique</strong></span> <span class='ocrx_word' id='word_1_231' title='bbox 808 2791 1097 2824; x_wconf 88' lang='lat' dir='ltr'><strong>consensum</strong></span> <span class='ocrx_word' id='word_1_232' title='bbox 1139 2774 1299 2837; x_wconf 76' lang='lat' dir='ltr'><strong>aliquo</strong></span> <span class='ocrx_word' id='word_1_233' title='bbox 1325 2777 1469 2824; x_wconf 89' lang='lat' dir='ltr'><strong>modo</strong></span> <span class='ocrx_word' id='word_1_234' title='bbox 1496 2791 1634 2831; x_wconf 42' lang='lat' dir='ltr'><strong>man</strong></span> 
     </span>
     <span class='ocr_line' id='line_1_38' title="bbox 169 2843 1597 2906; baseline -0.001 -15"><span class='ocrx_word' id='word_1_235' title='bbox 169 2844 402 2892; x_wconf 67' lang='lat' dir='ltr'><strong>ni&#39;festare</strong></span> <span class='ocrx_word' id='word_1_236' title='bbox 437 2852 654 2906; x_wconf 86' lang='lat' dir='ltr'><strong>possunt,</strong></span> <span class='ocrx_word' id='word_1_237' title='bbox 693 2843 852 2892; x_wconf 83' lang='lat' dir='ltr'><strong>valide</strong></span> <span class='ocrx_word' id='word_1_238' title='bbox 886 2843 1071 2893; x_wconf 81' lang='lat' dir='ltr'><strong>nubere</strong></span> <span class='ocrx_word' id='word_1_239' title='bbox 1096 2843 1343 2902; x_wconf 81' lang='lat' dir='ltr'><strong>valebunt,</strong></span> <span class='ocrx_word' id='word_1_240' title='bbox 1378 2843 1505 2892; x_wconf 68' lang='lat' dir='ltr'><strong>siout</strong></span> <span class='ocrx_word' id='word_1_241' title='bbox 1544 2851 1597 2890; x_wconf 77' lang='lat' dir='ltr'><strong>et</strong></span> 
     </span>
     <span class='ocr_line' id='line_1_39' title="bbox 153 2909 1564 3023; baseline 0 -67"><span class='ocrx_word' id='word_1_242' title='bbox 153 2910 479 2975; x_wconf 73' lang='lat' dir='ltr'><strong>,Religionem</strong></span> <span class='ocrx_word' id='word_1_243' title='bbox 499 2909 731 2977; x_wconf 83' lang='lat' dir='ltr'><strong>profiteri.</strong></span> <span class='ocrx_word' id='word_1_244' title='bbox 1479 2951 1482 2955; x_wconf 87' lang='lat'>.</span> <span class='ocrx_word' id='word_1_245' title='bbox 1511 2974 1564 3023; x_wconf 80' lang='lat' dir='ltr'><strong><em>D</em></strong></span> 
     </span>
    </p>

    <p class='ocr_par' dir='ltr' id='par_1_13' title="bbox 1566 2989 1590 3020">
     <span class='ocr_line' id='line_1_40' title="bbox 1566 2989 1590 3020; baseline 0 0"><span class='ocrx_word' id='word_1_246' title='bbox 1566 2989 1590 3020; x_wconf 80' lang='lat' dir='ltr'><strong>e</strong></span> 
     </span>
    </p>
   </div>
  </div>
 </body>
</html>
