1846 3250
303 149 400 196 144
806 152 897 202 TR
909 153 1094 203 ACTA
1104 156 1235 206 TUS

297 282 465 332 alienis
513 297 716 349 possunt
752 288 981 354 occupari
1024 306 1085 338 ex
1139 289 1399 340 Sanctione
1450 292 1591 355 Rega
1629 306 1709 337 an.

304 353 447 401 1667.
474 353 599 404 titul.
623 358 704 404 33.
722 362 812 404 art.
841 360 919 405 lo'.
942 357 1024 405 ubi
1053 359 1123 407 sic
1147 360 1355 422 legitur:
1392 362 1485 408 Les
1518 376 1711 424 person-

296 436 376 471 ves
398 422 669 473 constituees
686 441 782 473 aux
803 426 978 474 Orth-es
1000 428 1058 474 de
1072 429 1293 489 pretrz‘se,
1339 430 1394 476 de
1411 429 1628 476 diaconat
1651 443 1711 474 ou

295 488 660 549 sous-diaconat‚
717 510 776 541 ne
807 504 1036 559 pourront
1076 503 1172 543 etre
1209 504 1436 544 executees
1483 512 1537 541 en
1585 494 1709 543 leurs

298 556 492 606 meubles
515 559 714 609 destines
737 579 798 608 au
832 563 1002 611 service
1035 563 1181 621 divin,
1219 581 1275 612 οιι
1317 571 1502 613 servant
1540 580 1568 610 a
1607 562 1712 609 leur

297 639 440 688 usage
485 630 753 685 neamenim,
775 631 833 677 de
880 630 1072 696 quelque
1117 631 1283 679 valeur
1329 630 1463 696 qu'ils
1503 631 1713 695 puissent

297 695 499 750 etre,sni
522 713 660 745 meme
703 714 760 746 en
800 697 925 746 leurs
966 698 1104 747 livres
1138 700 1217 766 qui
1251 698 1353 747 leur
1375 705 1530 748 serent
1552 697 1711 746 luisses

278 762 448 824 jusqu,
485 781 513 811 a
537 762 584 810 la
608 781 773 814 somme
794 766 852 814 de
874 776 974 816 cent
998 768 1244 833 cinquante
1266 766 1421 821 livres,

305 876 310 879 .
369 829 445 877 Ex
491 830 742 896 privilegio
786 835 996 889 Canonis
1037 836 1257 883 Clericus
1293 851 1389 881 non
1436 842 1598 898 potest
1644 832 1714 879 in·

288 900 422 956 juste
480 901 687 962 percuti,
761 901 877 966 quin
938 903 1087 967 ipsius
1145 919 1404 967 percussor
1461 903 1712 962 subjaceat

297 967 791 1017 excommunicationi
818 970 927 1019 latae
966 973 1025 1018 ab
1055 972 1226 1019 Innoc.
1264 972 1332 1018 ΙΙ.
1368 987 1475 1034 cap.
1519 970 1572 1017 Si
1594 969 1711 1034 quis,

294 1035 517 1085 suadente
551 1038 770 1087 Diabolo.
813 1041 894 1087 29.
939 1040 1000 1088 de
1033 1056 1128 1104 qua
1169 1040 1361 1087 dicetur
1397 1039 1443 1085 in
1477 1037 1521 1085 T
1524 1046 1714 1084 ractatu

292 1099 355 1158 de
382 1102 628 1152 Censuris.
769 1152 774 1153 ⁷
1159 1163 1161 1165 ¹

365 1170 442 1218 Ex
468 1172 621 1220 altero
647 1174 840 1222 tandem
866 1174 1134 1239 privilegio,
1157 1173 1420 1238 etquidem
1445 1171 1710 1237 praecipu0‚

297 1237 377 1301 qui
414 1255 554 1287 sacra
580 1241 802 1290 Tonsura
847 1254 960 1306 sunt
1001 1243 1232 1307 insigniti,
1268 1243 1393 1290 fiunt
1428 1240 1614 1289 habiles
1650 1238 1715 1286 ad

298 1307 642 1369 possidendum
684 1311 990 1361 Beneficium
1032 1310 1435 1368 ecclesiasticum,
1478 1308 1555 1356 vel
1598 1323 1717 1370 pen·

296 1373 481 1423 sionem
522 1377 868 1441 recipiendam.
939 1381 1019 1428 De
1061 1380 1235 1442 quibus
1280 1378 1329 1425 in
1370 1379 1606 1427 Tractatu
1653 1373 1717 1421 de

301 1442 561 1494 Beneficiis
585 1445 764 1496 dicturi
796 1464 978 1498 sumus·

665 1583 901 1633 CAPUT
943 1583 1360 1632 SECUNDUM.

547 1718 629 1766 De
662 1725 862 1784 quatour
906 1717 1156 1768 minoribus
1196 1717 1462 1766 Ordinibus.

372 1851 779 1902 TnAnmus10·
814 1869 981 1902 eorum
1018 1852 1367 1902 definitionem.
1437 1854 1523 1902 2⁰·
1549 1867 1717 1902 eorum

281 1919 551 1969 anateriam
578 1924 620 1968 &
644 1922 865 1978 formam,
904 1927 966 1970 3⁰·
1004 1938 1172 1971 eorum
1210 1920 1381 1980 officIa,

833 2058 915 2107 De
964 2059 1199 2113 Ostiariis.

305 2236 306 2239 ,
377 2191 683 2248 ostien-intus,
719 2191 801 2256 qui
842 2203 916 2241 est
953 2202 1161 2258 quatuor
1205 2191 1442 2239 minorum
1480 2190 1720 2240 Ordinum

306 2257 514 2315 infimus,
551 2271 625 2309 est
668 2260 803 2309 Ordo
845 2261 1100 2309 conferens
1140 2270 1431 2324 potestatem
1482 2259 1719 2308 Ecclesiae

299 2331 473 2388 januas
497 2328 654 2392 dignis
679 2329 925 2392 aperiendi
951 2339 998 2376 et
1024 2328 1232 2391 indignis
1257 2326 1564 2374 occludendi.

381 2397 591 2445 Materia
630 2397 757 2443 illius
796 2407 869 2445 est
910 2396 1104 2445 traditio
1146 2395 1383 2450 clavium;
1419 2394 1573 2441 forma
1606 2404 1720 2442 sunt

312 2464 577 2513 ordinantis
603 2464 831 2528 Episcopi
859 2467 1033 2513 verba:
1072 2465 1148 2513 Sic
1170 2479 1257 2528 age
1287 2462 1422 2526 quasi
1453 2462 1721 2510 redditurus

314 2531 425 2580 Deo
463 2535 704 2590 rationem,
747 2551 833 2599 pro
855 2533 929 2582 his
952 2532 1082 2581 rebus
1117 2546 1221 2597 quae
1243 2530 1315 2582 his
1359 2529 1558 2579 clavibus
1580 2529 1725 2580 inclu-

310 2599 505 2653 duntur.
576 2602 653 2650 Ita
681 2600 967 2652 pontificale
996 2601 1283 2657 Romanum.

385 2667 638 2731 Praecipua
661 2669 976 2719 Ostiariorum
1016 2666 1172 2716 officia
1207 2677 1319 2713 sunt
1353 2665 1600 2724 Fidelibus
1627 2666 1722 2727 EQ·

305 2735 478 2782 .ciesiae
516 2736 644 2784 fores
667 2736 853 2800 aperire
895 2747 945 2785 et
986 2752 1066 2784 eas
1097 2733 1407 2792 Jnfidelibus,
1446 2732 1723 2802 Haereticis,

319 2803 770 2852 Excommunicatis
808 2803 1110 2857 -occludere,
1168 2802 1360 2865 pulsare
1424 2811 1723 2865 campanam,

305 2870 512 2920 *Fideles
534 2869 583 2917 iu
610 2871 833 2920 Ecclesia
867 2880 1189 2935 congregatos
1227 2871 1476 2918 continere
1516 2878 1568 2915 ut
1590 2883 1727 2917 reve-

308 2949 485 2990 rentur
530 2939 580 2986 in
626 2941 736 2990 loco
783 2954 921 2991 sacro
968 2949 1247 2994 consistant,
1279 2949 1724 3049 procurarent-nnn·

1510 3038 1512 3041 »
1593 3016 1725 3049 mem
