1846 3250
215 174 314 221 ise
508 243 509 246 Ἴ
726 160 1154 227 'FRACTATUS

216 319 293 358 tur
333 308 459 357 inter
508 308 753 358 Eruditos.
845 311 1147 360 Probabilius
1195 312 1385 362 videtur
1422 312 1621 362 diversis

214 377 513 440 temporibus
552 377 813 430 diversam
829 378 977 429 fuisse
1015 396 1075 429 ea
1115 381 1176 428 de
1214 398 1266 429 re
1303 381 1623 446 disciplinam,

218 445 505 508 diversaque
560 448 953 496 consuetudines.
1054 449 1495 515 ⁰·Ch01episcopi,
1537 449 1627 498 sed

215 512 283 559 illi
305 522 490 560 tantum
517 515 596 576 qui
623 514 885 579 episcopali
923 516 1241 565 ordinatione
1265 519 1492 566 fuerant
1481 518 1628 581 insig-

215 579 320 639 niti,
359 581 421 629 de
463 596 701 630 consensu
739 594 898 632 tamen
940 585 1171 648 Episcopi
1210 584 1451 644 Civitatis,
1479 592 1626 648 majo-

216 664 294 696 ies
336 649 480 697 etiam
508 650 716 707 Ordines
741 667 800 700 ac
844 653 1210 701 Sacramentum
1238 653 1626 702 Confirmationis

209 716 623 767 administrabant.

293 785 486 840 Quaeres
521 788 586 832 3⁰·
642 803 703 834 an
750 788 912 850 plures
963 787 1013 834 in
1065 804 1356 854 unaquaque
1410 787 1629 837 Dioecesi

220 853 495 901 exstiterint
541 854 922 920 Cholepiscopi.
912 856 930 889 ²

286 922 349 970 R.
384 922 433 967 in
476 923 646 970 Galliis
688 924 835 987 vulgo
873 940 929 971 ac
968 923 1016 970 in
1052 924 1215 972 multis
1256 924 1359 972 aliis
1397 923 1629 987 Regioni-

155 1021 158 1023 Δ
217 991 308 1037 bus
346 1006 434 1053 pro
476 1007 768 1056 unaquaque
795 991 1014 1040 Dioecesi
1054 1005 1232 1049 unum;
1267 992 1372 1039 aliis
1418 1008 1532 1039 vero
1579 991 1625 1037 in

163 1058 165 1061 ’
217 1056 340 1105 lo'cis
382 1058 544 1122 plures
583 1059 731 1108 fuisse
776 1059 1183 1124 Chorepiscopos,
1220 1060 1303 1124 qui
1343 1059 1488 1107 Ruris
1530 1059 1629 1107 Ec-

220 1125 474 1173 clesiarum
502 1143 664 1175 curam
691 1128 999 1176 sustinerent.
1052 1129 1284 1190 Quamvis
1309 1138 1470 1175 autern
1500 1127 1629 1176 Cho-

217 1193 463 1258 repiscopi
508 1195 655 1258 vulgo
713 1196 888 1244 multas
945 1206 1176 1259 regerent
1235 1195 1499 1252 Ecclesias,
1559 1195 1629 1242 sic

221 1272 384 1309 tamen
442 1262 702 1326 aliquando
762 1263 1060 1311 limi‘tabatur
1123 1263 1442 1327 quorumdam
1503 1262 1632 1311 Cho-

219 1328 585 1393 repiscoporum
639 1340 856 1394 potestas
915 1341 968 1379 ut
1026 1330 1151 1378 intra
1215 1331 1356 1378 unius
1394 1329 1633 1378 Ecclesiae

219 1398 341 1445 fines
372 1413 483 1446 sese
504 1399 804 1447 ‘continerem
873 1400 1000 1447 Haec
1024 1398 1073 1446 in
1108 1398 1332 1447 confesso
1368 1409 1480 1447 sunt
1504 1398 1634 1463 apud

219 1482 401 1514 omnes.

295 1535 487 1590 Quaeres
509 1538 575 1582 4⁰·
613 1551 675 1583 an
710 1534 1062 1600 Chorepiscopi
1101 1535 1262 1584 forent
1286 1533 1534 1599 Episcopi,
1571 1550 1633 1582 an

221 1602 604 1650 vero-duntaxat
629 1603 921 1667 Praesbyteri
937 1604 960 1650 P

288 1668 353 1719 R.
389 1669 517 1718 inter
541 1686 627 1718 eos
649 1671 733 1734 qui
752 1671 1204 1735 chorepiscopatum
1230 1672 1483 1733 gerebant,
1519 1685 1640 1718 non·

221 1737 379 1786 nullos
420 1737 567 1786 fuisse
593 1738 882 1803 Episcopos,
919 1738 1002 1803 qui
1039 1756 1066 1787 e
1106 1738 1313 1787 Sedibus
1352 1739 1450 1786 suis
1492 1739 1637 1800 ejecti

222 1815 423 1870 propter
468 1806 850 1869 persecutiones,
901 1808 978 1854 vel
1024 1808 1085 1854 ab
1138 1806 1308 1854 haeresi
1359 1807 1422 1853 ad
1463 1806 1632 1854 Fidem

224 1874 516 1922 catholicam
539 1875 802 1923 redeuntes
825 1876 876 1922 in
914 1874 1303 1938 Chorepiscopos
1327 1875 1637 1922 assumeban-

225 1953 304 1990 tur
328 1943 388 1990 ab
408 1942 511 1989 aliis
537 1942 806 2007 Episcopis.
877 1943 936 1989 Id
961 1943 1009 1988 in
1028 1942 1226 1990 dubium
1239 1942 1404 1989 'nullus
1420 1952 1634 1989 revocat.

228 2010 327 2059 Sed
373 2009 570 2072 quaestio
615 2011 743 2059 inter
784 2011 1062 2074 Theologos
1099 2020 1335 2058 movetur
1367 2025 1428 2057 an
1469 2025 1637 2057 omnes

226 2078 579 2141 Chorepiscopi
605 2079 725 2127 tales
749 2078 948 2135 fuerint,
973 2094 1034 2125 an
1058 2078 1089 2124 ii
1116 2096 1179 2126 ex
1199 2077 1342 2126 officii
1365 2077 1439 2125 sui
1462 2087 1635 2125 natura

225 2162 285 2194 ac
326 2146 373 2192 vi
399 2146 729 2194 Ordinationis
769 2163 868 2196 suae
909 2156 1070 2238 essent
1095 2146 1328 2211 Episcopi
1365 2146 1440 2193 vel
1474 2146 1633 2193 solum

223 2214 422 2279 Praesby
425 2214 534 2261 teri.

295 2282 399 2330 Nos
434 2281 722 2330 arbitramur
759 2297 870 2330 cum
918 2280 1224 2329 multitudine
1272 2279 1634 2342 Theologorum

224 2350 352 2399 inter
389 2367 512 2414 quos
552 2350 728 2397 Petrus
766 2350 827 2397 de
865 2348 1053 2405 Marca,
1092 2347 1335 2404 Petavius,
1370 2346 1635 2405 Hallerius‚

229 2418 591 2473 Thomassffius,
620 2420 709 2466 ὅτε.
748 2418 926 2466 multos
957 2434 984 2466 e
1033 2414 1412 2480 Chorepiscopis
1454 2414 1636 2478 simpli-

226 2503 308 2535 ces
333 2487 481 2535 fuisse
508 2487 852 2549 Praesbyteros,
889 2485 1109 2549 adeoque
1138 2483 1550 2546 Chrorepiscopos
1575 2499 1635 2529 ex

224 2564 398 2604 natura
421 2554 494 2602 sui
519 2553 661 2603 officii
686 2564 736 2602 et
758 2570 846 2617 per
870 2569 922 2601 se
946 2569 1041 2600 non
1064 2552 1215 2600 fuisse
1243 2551 1527 2616 Episcopos‚
1549 2551 1637 2598 sed

222 2622 466 2685 simplices
508 2622 848 2686 Praesbyteros
874 2621 1065 2684 aliquali
1107 2620 1460 2684 Episcoporum
1490 2619 1633 2681 juris-

226 2690 440 2737 dictione
465 2690 749 2737 decoratos.·
778 2713 780 2716 ·

298 2762 359 2805 1⁰·
394 2758 560 2804 Enim·
589 2757 815 2821 Synodus
861 2755 1255 2805 Neocesariensis
1304 2770 1410 2803 can.
1452 2756 1528 2801 13.
1563 2753 1634 2809 sic

225 2826 401 2874 habet:
441 2825 764 2890 Clzorepz'scopi
783 2826 850 2873 ad
879 2823 1126 2890 exemplum
1151 2832 1196 2872 et
1213 2824 1430 2886 firmam
1455 2829 1637 2889 septua-
1662 2830 1664 2832 ’

226 2895 358 2956 ginta
394 2893 609 2942 videntur
654 2908 785 2940 esse:
822 2899 874 2941 ut
914 2893 1227 2941 Comministri
1259 2899 1409 2939 autem
1441 2899 1640 2955 propter

225 2962 437 3011 studium
450 2961 576 3027 quod
589 2976 705 3025 erga
717 2976 949 3026 pauperes
965 2960 1175 3009 exhibent
1198 2955 1634 3071 honorientur51bi

292 3041 305 3055 ³
1282 3027 1319 3075 C
1337 3022 1633 3087 ioreplscopi
