<?xml version="1.0" encoding="UTF-8"?>
<!DOCTYPE html PUBLIC "-//W3C//DTD XHTML 1.0 Transitional//EN"
    "http://www.w3.org/TR/xhtml1/DTD/xhtml1-transitional.dtd">
<html xmlns="http://www.w3.org/1999/xhtml" xml:lang="en" lang="en">
 <head>
  <title>
</title>
<meta http-equiv="Content-Type" content="text/html;charset=utf-8" />
  <meta name='ocr-system' content='tesseract 3.04.00' />
  <meta name='ocr-capabilities' content='ocr_page ocr_carea ocr_par ocr_line ocrx_word'/>
</head>
<body>
  <div class='ocr_page' id='page_1' title='image "./theologica00bailuoft_0263.png"; bbox 0 0 1846 3250; ppageno 0'>
   <div class='ocr_carea' id='block_1_1' title="bbox 555 139 1600 201">
    <p class='ocr_par' dir='ltr' id='par_1_1' title="bbox 555 139 1600 201">
     <span class='ocr_line' id='line_1_1' title="bbox 555 139 1600 201; baseline 0.003 -11"><span class='ocrx_word' id='word_1_1' title='bbox 555 140 651 190; x_wconf 88' lang='lat' dir='ltr'><strong>DE</strong></span> <span class='ocrx_word' id='word_1_2' title='bbox 691 139 1189 195; x_wconf 75' lang='lat' dir='ltr'><strong>MATRIMONIO.</strong></span> <span class='ocrx_word' id='word_1_3' title='bbox 1492 147 1600 201; x_wconf 70' lang='lat'><strong>259.</strong></span> 
     </span>
    </p>
   </div>
   <div class='ocr_carea' id='block_1_2' title="bbox 155 275 1583 673">
    <p class='ocr_par' dir='ltr' id='par_1_2' title="bbox 155 275 1583 673">
     <span class='ocr_line' id='line_1_2' title="bbox 155 275 1582 341; baseline 0.002 -17"><span class='ocrx_word' id='word_1_4' title='bbox 155 275 274 330; x_wconf 82' lang='lat' dir='ltr'><strong>lium</strong></span> <span class='ocrx_word' id='word_1_5' title='bbox 315 275 632 326; x_wconf 77' lang='lat' dir='ltr'><strong>nullum‘aut</strong></span> <span class='ocrx_word' id='word_1_6' title='bbox 666 275 775 324; x_wconf 85' lang='lat' dir='ltr'><strong>leve</strong></span> <span class='ocrx_word' id='word_1_7' title='bbox 810 276 1041 331; x_wconf 83' lang='lat' dir='ltr'><strong>damnum</strong></span> <span class='ocrx_word' id='word_1_8' title='bbox 1072 275 1582 341; x_wconf 46' lang='lat' dir='ltr'><strong>p-atiat‘ur‘sfacileque</strong></span> 
     </span>
     <span class='ocr_line' id='line_1_3' title="bbox 155 341 1581 405; baseline -0.001 -11"><span class='ocrx_word' id='word_1_9' title='bbox 155 342 497 394; x_wconf 79' lang='lat' dir='ltr'><strong>maritosalios</strong></span> <span class='ocrx_word' id='word_1_10' title='bbox 520 341 736 392; x_wconf 81' lang='lat' dir='ltr'><strong>inveniat</strong></span> <span class='ocrx_word' id='word_1_11' title='bbox 756 362 773 398; x_wconf 63' lang='lat'><strong>;⁴</strong></span> <span class='ocrx_word' id='word_1_12' title='bbox 805 342 1045 405; x_wconf 81' lang='lat' dir='ltr'><strong>posterior</strong></span> <span class='ocrx_word' id='word_1_13' title='bbox 1082 358 1198 391; x_wconf 89' lang='lat' dir='ltr'><strong>vero</strong></span> <span class='ocrx_word' id='word_1_14' title='bbox 1230 343 1327 392; x_wconf 87' lang='lat' dir='ltr'><strong>nisi</strong></span> <span class='ocrx_word' id='word_1_15' title='bbox 1371 345 1581 395; x_wconf 85' lang='lat' dir='ltr'><strong>ducatur</strong></span> 
     </span>
     <span class='ocr_line' id='line_1_4' title="bbox 159 409 1583 477; baseline 0.003 -19"><span class='ocrx_word' id='word_1_16' title='bbox 159 426 188 458; x_wconf 86' lang='lat' dir='ltr'><strong>a</strong></span> <span class='ocrx_word' id='word_1_17' title='bbox 212 420 515 472; x_wconf 79' lang='lat' dir='ltr'><strong>corruptore,</strong></span> <span class='ocrx_word' id='word_1_18' title='bbox 554 409 819 458; x_wconf 86' lang='lat' dir='ltr'><strong>maximum</strong></span> <span class='ocrx_word' id='word_1_19' title='bbox 846 410 1075 457; x_wconf 86' lang='lat' dir='ltr'><strong>damnum</strong></span> <span class='ocrx_word' id='word_1_20' title='bbox 1118 426 1320 473; x_wconf 85' lang='lat' dir='ltr'><strong>passura</strong></span> <span class='ocrx_word' id='word_1_21' title='bbox 1342 412 1421 470; x_wconf 81' lang='lat' dir='ltr'><strong>sit,</strong></span> <span class='ocrx_word' id='word_1_22' title='bbox 1459 430 1506 461; x_wconf 84' lang='lat' dir='ltr'><strong>v.</strong></span> <span class='ocrx_word' id='word_1_23' title='bbox 1531 430 1583 477; x_wconf 58' lang='lat' dir='ltr'><strong>ga</strong></span> 
     </span>
     <span class='ocr_line' id='line_1_5' title="bbox 156 476 1581 540; baseline 0.003 -15"><span class='ocrx_word' id='word_1_24' title='bbox 156 476 490 525; x_wconf 74' lang='lat' dir='ltr'><strong>haereditatem</strong></span> <span class='ocrx_word' id='word_1_25' title='bbox 532 487 785 540; x_wconf 87' lang='lat' dir='ltr'><strong>paternam</strong></span> <span class='ocrx_word' id='word_1_26' title='bbox 827 477 1077 533; x_wconf 83' lang='lat' dir='ltr'><strong>amissura,</strong></span> <span class='ocrx_word' id='word_1_27' title='bbox 1114 479 1190 527; x_wconf 87' lang='lat' dir='ltr'><strong>vel</strong></span> <span class='ocrx_word' id='word_1_28' title='bbox 1216 495 1245 526; x_wconf 90' lang='lat' dir='ltr'><strong>a</strong></span> <span class='ocrx_word' id='word_1_29' title='bbox 1270 488 1374 528; x_wconf 86' lang='lat' dir='ltr'><strong>tota</strong></span> <span class='ocrx_word' id='word_1_30' title='bbox 1397 480 1581 530; x_wconf 84' lang='lat' dir='ltr'><strong>familia</strong></span> 
     </span>
     <span class='ocr_line' id='line_1_6' title="bbox 160 543 1582 607; baseline 0.003 -14"><span class='ocrx_word' id='word_1_31' title='bbox 160 543 444 601; x_wconf 79' lang='lat' dir='ltr'><strong>deserenda,</strong></span> <span class='ocrx_word' id='word_1_32' title='bbox 482 544 614 607; x_wconf 86' lang='lat' dir='ltr'><strong>prior</strong></span> <span class='ocrx_word' id='word_1_33' title='bbox 637 559 822 607; x_wconf 37' lang='lat' dir='ltr'><strong>sponsas</strong></span> <span class='ocrx_word' id='word_1_34' title='bbox 855 545 1026 606; x_wconf 85' lang='lat' dir='ltr'><strong>procul</strong></span> <span class='ocrx_word' id='word_1_35' title='bbox 1053 543 1204 592; x_wconf 88' lang='lat' dir='ltr'><strong>dubio</strong></span> <span class='ocrx_word' id='word_1_36' title='bbox 1242 562 1307 594; x_wconf 82' lang='lat' dir='ltr'><strong>ex</strong></span> <span class='ocrx_word' id='word_1_37' title='bbox 1342 546 1582 597; x_wconf 82' lang='lat' dir='ltr'>charitate</span> 
     </span>
     <span class='ocr_line' id='line_1_7' title="bbox 159 610 1581 673; baseline 0.004 -14"><span class='ocrx_word' id='word_1_38' title='bbox 159 620 353 672; x_wconf 82' lang='lat' dir='ltr'><strong>tenetur</strong></span> <span class='ocrx_word' id='word_1_39' title='bbox 394 611 456 659; x_wconf 88' lang='lat' dir='ltr'><strong>de</strong></span> <span class='ocrx_word' id='word_1_40' title='bbox 490 617 602 673; x_wconf 88' lang='lat' dir='ltr'><strong>jure</strong></span> <span class='ocrx_word' id='word_1_41' title='bbox 639 628 728 659; x_wconf 92' lang='lat' dir='ltr'><strong>suo</strong></span> <span class='ocrx_word' id='word_1_42' title='bbox 765 610 957 668; x_wconf 83' lang='lat' dir='ltr'><strong>cedere,</strong></span> <span class='ocrx_word' id='word_1_43' title='bbox 999 621 1053 658; x_wconf 89' lang='lat' dir='ltr'><strong>ut</strong></span> <span class='ocrx_word' id='word_1_44' title='bbox 1088 621 1162 663; x_wconf 88' lang='lat' dir='ltr'><strong>tot</strong></span> <span class='ocrx_word' id='word_1_45' title='bbox 1197 614 1326 661; x_wconf 83' lang='lat' dir='ltr'><strong>mala</strong></span> <span class='ocrx_word' id='word_1_46' title='bbox 1357 626 1581 664; x_wconf 83' lang='lat' dir='ltr'><strong>avertat:</strong></span> 
     </span>
    </p>
   </div>
   <div class='ocr_carea' id='block_1_3' title="bbox 134 677 1578 809">
    <p class='ocr_par' dir='ltr' id='par_1_3' title="bbox 134 677 1578 809">
     <span class='ocr_line' id='line_1_8' title="bbox 134 677 1578 809; baseline 0.003 -83"><span class='ocrx_word' id='word_1_47' title='bbox 134 678 490 809; x_wconf 50' lang='lat' dir='ltr'><strong>ssuf&#39;fflffque</strong></span> <span class='ocrx_word' id='word_1_48' title='bbox 526 677 667 729; x_wconf 78' lang='lat' dir='ltr'><strong>vultis</strong></span> <span class='ocrx_word' id='word_1_49' title='bbox 697 686 749 728; x_wconf 80' lang='lat' dir='ltr'><strong>ut</strong></span> <span class='ocrx_word' id='word_1_50' title='bbox 782 678 908 728; x_wconf 74' lang='lat' dir='ltr'><strong>vobis</strong></span> <span class='ocrx_word' id='word_1_51' title='bbox 922 678 1123 744; x_wconf 70' lang='lat' dir='ltr'><strong>ficiunt</strong></span> <span class='ocrx_word' id='word_1_52' title='bbox 1158 678 1381 741; x_wconf 62' lang='lat' dir='ltr'><strong>hominm,</strong></span> <span class='ocrx_word' id='word_1_53' title='bbox 1417 692 1463 732; x_wconf 77' lang='lat' dir='ltr'><strong>et</strong></span> <span class='ocrx_word' id='word_1_54' title='bbox 1498 700 1578 733; x_wconf 79' lang='lat' dir='ltr'><strong>vos</strong></span> 
     </span>
     <span class='ocr_line' id='line_1_9' title="bbox 176 753 426 795; baseline 0.008 -2"><span class='ocrx_word' id='word_1_55' title='bbox 176 753 296 794; x_wconf 76' lang='lat' dir='ltr'><strong>aczte</strong></span> <span class='ocrx_word' id='word_1_56' title='bbox 318 763 334 795; x_wconf 77' lang='lat' dir='ltr'>z</span> <span class='ocrx_word' id='word_1_57' title='bbox 372 763 426 795; x_wconf 74' lang='lat' dir='ltr'><strong>ts.</strong></span> 
     </span>
    </p>
   </div>
   <div class='ocr_carea' id='block_1_4' title="bbox 155 856 1586 998">
    <p class='ocr_par' dir='ltr' id='par_1_4' title="bbox 155 856 1586 998">
     <span class='ocr_line' id='line_1_10' title="bbox 155 856 1586 959; baseline 0.006 -33"><span class='ocrx_word' id='word_1_58' title='bbox 155 876 237 928; x_wconf 83' lang='lat' dir='ltr'><strong>De</strong></span> <span class='ocrx_word' id='word_1_59' title='bbox 265 882 557 944; x_wconf 72' lang='lat' dir='ltr'><strong>auctoritate</strong></span> <span class='ocrx_word' id='word_1_60' title='bbox 589 856 688 932; x_wconf 17' lang='lat' dir='ltr'><strong>:adi</strong></span> <span class='ocrx_word' id='word_1_61' title='bbox 709 880 993 959; x_wconf 64' lang='lat' dir='ltr'><strong>sponsalium</strong></span> <span class='ocrx_word' id='word_1_62' title='bbox 1033 880 1379 933; x_wconf 75' lang='lat' dir='ltr'><strong>dissolutionem</strong></span> <span class='ocrx_word' id='word_1_63' title='bbox 1427 861 1586 949; x_wconf 51' lang='lat' dir='ltr'><strong>requi·¹</strong></span> 
     </span>
     <span class='ocr_line' id='line_1_11' title="bbox 806 957 921 998; baseline -0.026 0"><span class='ocrx_word' id='word_1_64' title='bbox 806 957 921 998; x_wconf 51' lang='grc' dir='ltr'><strong><em>θεία.</em></strong></span> 
     </span>
    </p>
   </div>
   <div class='ocr_carea' id='block_1_5' title="bbox 149 1081 1583 2894">
    <p class='ocr_par' dir='ltr' id='par_1_5' title="bbox 158 1081 1579 1211">
     <span class='ocr_line' id='line_1_12' title="bbox 227 1081 1579 1149; baseline 0.004 -19"><span class='ocrx_word' id='word_1_65' title='bbox 227 1081 416 1137; x_wconf 64' lang='lat' dir='ltr'><strong>Quaeres</strong></span> <span class='ocrx_word' id='word_1_66' title='bbox 452 1091 612 1129; x_wconf 84' lang='lat' dir='ltr'><strong>utrum</strong></span> <span class='ocrx_word' id='word_1_67' title='bbox 650 1081 713 1129; x_wconf 90' lang='lat' dir='ltr'><strong>ad</strong></span> <span class='ocrx_word' id='word_1_68' title='bbox 748 1081 1118 1131; x_wconf 82' lang='lat' dir='ltr'><strong>dissolutionem</strong></span> <span class='ocrx_word' id='word_1_69' title='bbox 1153 1084 1455 1149; x_wconf 77' lang='lat' dir='ltr'><strong>sponsalium</strong></span> <span class='ocrx_word' id='word_1_70' title='bbox 1487 1086 1579 1135; x_wconf 86' lang='lat' dir='ltr'><strong>Ju-</strong></span> 
     </span>
     <span class='ocr_line' id='line_1_13' title="bbox 158 1147 891 1211; baseline 0.008 -17"><span class='ocrx_word' id='word_1_71' title='bbox 158 1147 278 1196; x_wconf 78' lang='lat' dir='ltr'><strong>dicis</strong></span> <span class='ocrx_word' id='word_1_72' title='bbox 302 1149 559 1198; x_wconf 80' lang='lat' dir='ltr'><strong>Sententia</strong></span> <span class='ocrx_word' id='word_1_73' title='bbox 583 1149 854 1211; x_wconf 85' lang='lat' dir='ltr'><strong>requiratur</strong></span> <span class='ocrx_word' id='word_1_74' title='bbox 874 1152 891 1200; x_wconf 85' lang='lat'>?</span> 
     </span>
    </p>

    <p class='ocr_par' dir='ltr' id='par_1_6' title="bbox 156 1214 1583 1682">
     <span class='ocr_line' id='line_1_14' title="bbox 225 1214 1582 1282; baseline 0.006 -21"><span class='ocrx_word' id='word_1_75' title='bbox 225 1214 291 1262; x_wconf 80' lang='lat' dir='ltr'><strong>R.</strong></span> <span class='ocrx_word' id='word_1_76' title='bbox 331 1217 759 1278; x_wconf 10' lang='lat' dir='ltr'><strong>10·*.Sentenhtiam</strong></span> <span class='ocrx_word' id='word_1_77' title='bbox 805 1235 872 1265; x_wconf 86' lang='lat' dir='ltr'><strong>ex</strong></span> <span class='ocrx_word' id='word_1_78' title='bbox 910 1218 1156 1266; x_wconf 83' lang='lat' dir='ltr'><strong>communi</strong></span> <span class='ocrx_word' id='word_1_79' title='bbox 1206 1219 1436 1282; x_wconf 87' lang='lat' dir='ltr'><strong>opinione</strong></span> <span class='ocrx_word' id='word_1_80' title='bbox 1483 1235 1582 1270; x_wconf 87' lang='lat' dir='ltr'><strong>non</strong></span> 
     </span>
     <span class='ocr_line' id='line_1_15' title="bbox 158 1282 1583 1347; baseline 0.006 -20"><span class='ocrx_word' id='word_1_81' title='bbox 158 1282 355 1344; x_wconf 82' lang='lat' dir='ltr'><strong>requiri,</strong></span> <span class='ocrx_word' id='word_1_82' title='bbox 394 1286 589 1347; x_wconf 79' lang='lat' dir='ltr'><strong>quando</strong></span> <span class='ocrx_word' id='word_1_83' title='bbox 632 1286 874 1347; x_wconf 84' lang='lat' dir='ltr'><strong>sponsalia</strong></span> <span class='ocrx_word' id='word_1_84' title='bbox 897 1284 1104 1346; x_wconf 84' lang='lat' dir='ltr'><strong>partium</strong></span> <span class='ocrx_word' id='word_1_85' title='bbox 1132 1302 1374 1335; x_wconf 87' lang='lat' dir='ltr'><strong>consensu</strong></span> <span class='ocrx_word' id='word_1_86' title='bbox 1411 1287 1583 1337; x_wconf 68' lang='lat' dir='ltr'><strong>dissol-</strong></span> 
     </span>
     <span class='ocr_line' id='line_1_16' title="bbox 159 1351 1579 1411; baseline 0.006 -18"><span class='ocrx_word' id='word_1_87' title='bbox 159 1361 351 1404; x_wconf 84' lang='lat' dir='ltr'><strong>vuntur,</strong></span> <span class='ocrx_word' id='word_1_88' title='bbox 386 1351 489 1398; x_wconf 86' lang='lat' dir='ltr'><strong>sive</strong></span> <span class='ocrx_word' id='word_1_89' title='bbox 513 1367 663 1399; x_wconf 86' lang='lat' dir='ltr'><strong>causa</strong></span> <span class='ocrx_word' id='word_1_90' title='bbox 687 1351 1014 1399; x_wconf 84' lang='lat' dir='ltr'><strong>dissolutionis</strong></span> <span class='ocrx_word' id='word_1_91' title='bbox 1040 1351 1181 1409; x_wconf 85' lang='lat' dir='ltr'><strong>adsit,</strong></span> <span class='ocrx_word' id='word_1_92' title='bbox 1217 1355 1320 1401; x_wconf 86' lang='lat' dir='ltr'><strong>sive</strong></span> <span class='ocrx_word' id='word_1_93' title='bbox 1347 1370 1462 1411; x_wconf 84' lang='lat' dir='ltr'><strong>non,</strong></span> <span class='ocrx_word' id='word_1_94' title='bbox 1487 1356 1579 1404; x_wconf 86' lang='lat' dir='ltr'><strong>nisi</strong></span> 
     </span>
     <span class='ocr_line' id='line_1_17' title="bbox 158 1416 1578 1480; baseline 0.006 -19"><span class='ocrx_word' id='word_1_95' title='bbox 158 1416 297 1463; x_wconf 85' lang='lat' dir='ltr'><strong>aliter</strong></span> <span class='ocrx_word' id='word_1_96' title='bbox 321 1417 542 1465; x_wconf 82' lang='lat' dir='ltr'><strong>locorum</strong></span> <span class='ocrx_word' id='word_1_97' title='bbox 564 1419 781 1480; x_wconf 84' lang='lat' dir='ltr'><strong>Legibus</strong></span> <span class='ocrx_word' id='word_1_98' title='bbox 802 1418 1122 1467; x_wconf 84' lang='lat' dir='ltr'><strong>constitutum</strong></span> <span class='ocrx_word' id='word_1_99' title='bbox 1141 1421 1218 1468; x_wconf 89' lang='lat' dir='ltr'><strong>sit.</strong></span> <span class='ocrx_word' id='word_1_100' title='bbox 1273 1422 1424 1469; x_wconf 89' lang='lat' dir='ltr'><strong>Nulla</strong></span> <span class='ocrx_word' id='word_1_101' title='bbox 1448 1422 1578 1470; x_wconf 86' lang='lat' dir='ltr'><strong>enim</strong></span> 
     </span>
     <span class='ocr_line' id='line_1_18' title="bbox 158 1484 1582 1548; baseline 0.004 -19"><span class='ocrx_word' id='word_1_102' title='bbox 158 1484 289 1545; x_wconf 84' lang='lat' dir='ltr'><strong>viget</strong></span> <span class='ocrx_word' id='word_1_103' title='bbox 316 1484 425 1531; x_wconf 79' lang='lat' dir='ltr'><strong>Lex</strong></span> <span class='ocrx_word' id='word_1_104' title='bbox 453 1487 710 1547; x_wconf 81' lang='lat' dir='ltr'><strong>generalis,</strong></span> <span class='ocrx_word' id='word_1_105' title='bbox 748 1502 857 1548; x_wconf 90' lang='lat' dir='ltr'><strong>quae</strong></span> <span class='ocrx_word' id='word_1_106' title='bbox 892 1486 955 1535; x_wconf 82' lang='lat' dir='ltr'><strong>ad</strong></span> <span class='ocrx_word' id='word_1_107' title='bbox 996 1488 1292 1547; x_wconf 84' lang='lat' dir='ltr'><strong>sponsalium</strong></span> <span class='ocrx_word' id='word_1_108' title='bbox 1333 1488 1582 1538; x_wconf 66' lang='lat' dir='ltr'><strong>dissoluti«</strong></span> 
     </span>
     <span class='ocr_line' id='line_1_19' title="bbox 158 1546 1583 1618; baseline 0.006 -23"><span class='ocrx_word' id='word_1_109' title='bbox 158 1564 309 1598; x_wconf 53' lang='lat' dir='ltr'><strong>onem*</strong></span> <span class='ocrx_word' id='word_1_110' title='bbox 342 1552 534 1601; x_wconf 84' lang='lat' dir='ltr'><strong>Judicis</strong></span> <span class='ocrx_word' id='word_1_111' title='bbox 573 1553 874 1602; x_wconf 75' lang='lat' dir='ltr'><strong>Sententiam</strong></span> <span class='ocrx_word' id='word_1_112' title='bbox 909 1553 1143 1616; x_wconf 86' lang='lat' dir='ltr'><strong>requirat,</strong></span> <span class='ocrx_word' id='word_1_113' title='bbox 1179 1546 1377 1617; x_wconf 83' lang='lat' dir='ltr'><strong>quand-o</strong></span> <span class='ocrx_word' id='word_1_114' title='bbox 1419 1567 1583 1618; x_wconf 84' lang='lat' dir='ltr'><strong>partes</strong></span> 
     </span>
     <span class='ocr_line' id='line_1_20' title="bbox 156 1619 1505 1682; baseline 0.004 -17"><span class='ocrx_word' id='word_1_115' title='bbox 156 1627 324 1682; x_wconf 75' lang='lat' dir='ltr'><strong>mutuo</strong></span> <span class='ocrx_word' id='word_1_116' title='bbox 345 1619 670 1668; x_wconf 83' lang='lat' dir='ltr'><strong>consentiunt.</strong></span> <span class='ocrx_word' id='word_1_117' title='bbox 1502 1669 1505 1670; x_wconf 10' lang='grc' dir='ltr'><em>γ</em></span> 
     </span>
    </p>

    <p class='ocr_par' dir='ltr' id='par_1_7' title="bbox 224 1684 1579 1752">
     <span class='ocr_line' id='line_1_21' title="bbox 224 1684 1579 1752; baseline 0.006 -21"><span class='ocrx_word' id='word_1_118' title='bbox 224 1684 363 1743; x_wconf 89' lang='lat' dir='ltr'><strong>Dixi,</strong></span> <span class='ocrx_word' id='word_1_119' title='bbox 399 1687 491 1735; x_wconf 80' lang='lat' dir='ltr'><strong>nisi</strong></span> <span class='ocrx_word' id='word_1_120' title='bbox 518 1687 658 1735; x_wconf 80' lang='lat' dir='ltr'><strong>aliter</strong></span> <span class='ocrx_word' id='word_1_121' title='bbox 693 1686 898 1752; x_wconf 80' lang='lat' dir='ltr'><strong>Legibus</strong></span> <span class='ocrx_word' id='word_1_122' title='bbox 931 1685 1132 1734; x_wconf 78' lang='lat' dir='ltr'><strong>locorum</strong></span> <span class='ocrx_word' id='word_1_123' title='bbox 1171 1689 1469 1739; x_wconf 79' lang='lat' dir='ltr'><strong>constitutum-</strong></span> <span class='ocrx_word' id='word_1_124' title='bbox 1504 1693 1579 1739; x_wconf 77' lang='lat' dir='ltr'><strong>sit.</strong></span> 
     </span>
    </p>

    <p class='ocr_par' dir='ltr' id='par_1_8' title="bbox 156 1751 1582 2013">
     <span class='ocr_line' id='line_1_22' title="bbox 220 1751 1574 1820; baseline 0.005 -22"><span class='ocrx_word' id='word_1_125' title='bbox 220 1751 345 1799; x_wconf 90' lang='lat' dir='ltr'><strong>Nam</strong></span> <span class='ocrx_word' id='word_1_126' title='bbox 370 1752 417 1800; x_wconf 92' lang='lat' dir='ltr'><strong>in</strong></span> <span class='ocrx_word' id='word_1_127' title='bbox 436 1753 724 1816; x_wconf 87' lang='lat' dir='ltr'><strong>quibusdam</strong></span> <span class='ocrx_word' id='word_1_128' title='bbox 747 1752 1077 1810; x_wconf 79' lang='lat' dir='ltr'><strong>DioecesibuS,</strong></span> <span class='ocrx_word' id='word_1_129' title='bbox 1099 1770 1143 1801; x_wconf 88' lang='lat' dir='ltr'><strong>v.</strong></span> <span class='ocrx_word' id='word_1_130' title='bbox 1153 1772 1202 1818; x_wconf 86' lang='lat' dir='ltr'><strong>g.</strong></span> <span class='ocrx_word' id='word_1_131' title='bbox 1214 1756 1574 1820; x_wconf 87' lang='lat' dir='ltr'><strong>Gratianopoli,</strong></span> 
     </span>
     <span class='ocr_line' id='line_1_23' title="bbox 159 1819 1582 1885; baseline 0.004 -19"><span class='ocrx_word' id='word_1_132' title='bbox 159 1819 377 1875; x_wconf 87' lang='lat' dir='ltr'><strong>Carnuti‚</strong></span> <span class='ocrx_word' id='word_1_133' title='bbox 413 1831 648 1868; x_wconf 83' lang='lat' dir='ltr'><strong>statutum</strong></span> <span class='ocrx_word' id='word_1_134' title='bbox 685 1830 758 1868; x_wconf 88' lang='lat' dir='ltr'><strong>est</strong></span> <span class='ocrx_word' id='word_1_135' title='bbox 797 1820 1041 1884; x_wconf 84' lang='lat' dir='ltr'><strong>sponsalia</strong></span> <span class='ocrx_word' id='word_1_136' title='bbox 1076 1822 1338 1885; x_wconf 89' lang='lat' dir='ltr'><strong>nequidem</strong></span> <span class='ocrx_word' id='word_1_137' title='bbox 1374 1840 1582 1872; x_wconf 83' lang='lat' dir='ltr'><strong>consen-</strong></span> 
     </span>
     <span class='ocr_line' id='line_1_24' title="bbox 156 1886 1577 1952; baseline 0.006 -20"><span class='ocrx_word' id='word_1_138' title='bbox 156 1901 210 1933; x_wconf 91' lang='lat' dir='ltr'><strong>su</strong></span> <span class='ocrx_word' id='word_1_139' title='bbox 252 1886 459 1950; x_wconf 86' lang='lat' dir='ltr'><strong>partium</strong></span> <span class='ocrx_word' id='word_1_140' title='bbox 503 1887 606 1935; x_wconf 89' lang='lat' dir='ltr'><strong>sine</strong></span> <span class='ocrx_word' id='word_1_141' title='bbox 631 1887 821 1936; x_wconf 71' lang='lat' dir='ltr'><strong>,Iudicis</strong></span> <span class='ocrx_word' id='word_1_142' title='bbox 868 1886 1123 1935; x_wconf 82' lang='lat' dir='ltr'><strong>Sententia</strong></span> <span class='ocrx_word' id='word_1_143' title='bbox 1163 1905 1308 1952; x_wconf 90' lang='lat' dir='ltr'><strong>posse</strong></span> <span class='ocrx_word' id='word_1_144' title='bbox 1346 1890 1577 1942; x_wconf 88' lang='lat' dir='ltr'><strong>dissolvi:</strong></span> 
     </span>
     <span class='ocr_line' id='line_1_25' title="bbox 160 1953 1079 2013; baseline 0.004 -15"><span class='ocrx_word' id='word_1_145' title='bbox 160 1954 289 2013; x_wconf 87' lang='lat' dir='ltr'><strong>quod</strong></span> <span class='ocrx_word' id='word_1_146' title='bbox 314 1953 370 2000; x_wconf 89' lang='lat' dir='ltr'><strong>iis</strong></span> <span class='ocrx_word' id='word_1_147' title='bbox 395 1954 443 2000; x_wconf 89' lang='lat' dir='ltr'><strong>in</strong></span> <span class='ocrx_word' id='word_1_148' title='bbox 468 1954 588 2002; x_wconf 88' lang='lat' dir='ltr'><strong>locis</strong></span> <span class='ocrx_word' id='word_1_149' title='bbox 613 1954 968 2002; x_wconf 86' lang='lat' dir='ltr'><strong>observandum</strong></span> <span class='ocrx_word' id='word_1_150' title='bbox 989 1965 1079 2002; x_wconf 92' lang='lat' dir='ltr'><strong>est.</strong></span> 
     </span>
    </p>

    <p class='ocr_par' dir='ltr' id='par_1_9' title="bbox 149 2019 1580 2486">
     <span class='ocr_line' id='line_1_26' title="bbox 225 2019 1575 2085; baseline 0.006 -19"><span class='ocrx_word' id='word_1_151' title='bbox 225 2019 291 2066; x_wconf 78' lang='lat' dir='ltr'><strong>R.</strong></span> <span class='ocrx_word' id='word_1_152' title='bbox 316 2021 396 2067; x_wconf 76' lang='lat'><strong>2⁰.</strong></span> <span class='ocrx_word' id='word_1_153' title='bbox 435 2022 560 2069; x_wconf 87' lang='lat' dir='ltr'><strong>Cum</strong></span> <span class='ocrx_word' id='word_1_154' title='bbox 602 2022 844 2085; x_wconf 83' lang='lat' dir='ltr'><strong>sponsalia</strong></span> <span class='ocrx_word' id='word_1_155' title='bbox 881 2032 992 2069; x_wconf 92' lang='lat' dir='ltr'><strong>sunt</strong></span> <span class='ocrx_word' id='word_1_156' title='bbox 1032 2022 1336 2071; x_wconf 85' lang='lat' dir='ltr'><strong>clandestina</strong></span> <span class='ocrx_word' id='word_1_157' title='bbox 1368 2026 1444 2072; x_wconf 91' lang='lat' dir='ltr'><strong>vel</strong></span> <span class='ocrx_word' id='word_1_158' title='bbox 1489 2041 1575 2074; x_wconf 87' lang='lat' dir='ltr'><strong>oc·</strong></span> 
     </span>
     <span class='ocr_line' id='line_1_27' title="bbox 159 2087 1580 2150; baseline 0.006 -18"><span class='ocrx_word' id='word_1_159' title='bbox 159 2087 306 2142; x_wconf 87' lang='lat' dir='ltr'><strong>culta,</strong></span> <span class='ocrx_word' id='word_1_160' title='bbox 367 2098 417 2135; x_wconf 89' lang='lat' dir='ltr'><strong>et</strong></span> <span class='ocrx_word' id='word_1_161' title='bbox 462 2088 658 2137; x_wconf 84' lang='lat' dir='ltr'><strong>aliunde</strong></span> <span class='ocrx_word' id='word_1_162' title='bbox 705 2105 764 2137; x_wconf 84' lang='lat' dir='ltr'><strong>ea</strong></span> <span class='ocrx_word' id='word_1_163' title='bbox 810 2089 1100 2150; x_wconf 85' lang='lat' dir='ltr'><strong>dissolvendi</strong></span> <span class='ocrx_word' id='word_1_164' title='bbox 1161 2090 1369 2139; x_wconf 87' lang='lat' dir='ltr'><strong>habetur</strong></span> <span class='ocrx_word' id='word_1_165' title='bbox 1429 2106 1580 2142; x_wconf 81' lang='lat' dir='ltr'><strong>causa—</strong></span> 
     </span>
     <span class='ocr_line' id='line_1_28' title="bbox 160 2153 1580 2219; baseline 0.007 -20"><span class='ocrx_word' id='word_1_166' title='bbox 160 2153 407 2202; x_wconf 84' lang='lat' dir='ltr'><strong>moraliter</strong></span> <span class='ocrx_word' id='word_1_167' title='bbox 466 2166 617 2213; x_wconf 86' lang='lat' dir='ltr'><strong>certa,</strong></span> <span class='ocrx_word' id='word_1_168' title='bbox 678 2166 879 2219; x_wconf 86' lang='lat' dir='ltr'><strong>possunt</strong></span> <span class='ocrx_word' id='word_1_169' title='bbox 927 2155 1031 2203; x_wconf 85' lang='lat' dir='ltr'><strong>sine</strong></span> <span class='ocrx_word' id='word_1_170' title='bbox 1084 2156 1274 2206; x_wconf 86' lang='lat' dir='ltr'><strong>Judicis</strong></span> <span class='ocrx_word' id='word_1_171' title='bbox 1322 2160 1580 2209; x_wconf 82' lang='lat' dir='ltr'><strong>Sententia</strong></span> 
     </span>
     <span class='ocr_line' id='line_1_29' title="bbox 157 2221 1578 2286; baseline 0.006 -18"><span class='ocrx_word' id='word_1_172' title='bbox 157 2221 366 2268; x_wconf 85' lang='lat' dir='ltr'><strong>dissolvi.</strong></span> <span class='ocrx_word' id='word_1_173' title='bbox 439 2222 587 2271; x_wconf 87' lang='lat' dir='ltr'><strong>Ratio</strong></span> <span class='ocrx_word' id='word_1_174' title='bbox 622 2234 695 2271; x_wconf 83' lang='lat' dir='ltr'><strong>est</strong></span> <span class='ocrx_word' id='word_1_175' title='bbox 720 2223 831 2286; x_wconf 88' lang='lat' dir='ltr'><strong>quia</strong></span> <span class='ocrx_word' id='word_1_176' title='bbox 851 2223 1077 2282; x_wconf 82' lang='lat' dir='ltr'><strong>Ecclesia</strong></span> <span class='ocrx_word' id='word_1_177' title='bbox 1112 2223 1161 2271; x_wconf 92' lang='lat' dir='ltr'><strong>in</strong></span> <span class='ocrx_word' id='word_1_178' title='bbox 1187 2240 1328 2273; x_wconf 83' lang='lat' dir='ltr'><strong>casus</strong></span> <span class='ocrx_word' id='word_1_179' title='bbox 1353 2228 1578 2279; x_wconf 86' lang='lat' dir='ltr'><strong>occultos</strong></span> 
     </span>
     <span class='ocr_line' id='line_1_30' title="bbox 157 2283 1574 2358; baseline 0.004 -20"><span class='ocrx_word' id='word_1_180' title='bbox 157 2283 335 2338; x_wconf 75' lang='lat' dir='ltr'><strong>nullam</strong></span> <span class='ocrx_word' id='word_1_181' title='bbox 377 2288 527 2338; x_wconf 83' lang='lat' dir='ltr'><strong>habet</strong></span> <span class='ocrx_word' id='word_1_182' title='bbox 559 2290 966 2352; x_wconf 74' lang='lat' dir='ltr'><strong>Jurisdictionem.</strong></span> <span class='ocrx_word' id='word_1_183' title='bbox 1039 2292 1254 2354; x_wconf 88' lang='lat' dir='ltr'><strong>Sponsus</strong></span> <span class='ocrx_word' id='word_1_184' title='bbox 1290 2293 1457 2357; x_wconf 85' lang='lat' dir='ltr'><strong>itaque</strong></span> <span class='ocrx_word' id='word_1_185' title='bbox 1491 2296 1574 2358; x_wconf 86' lang='lat' dir='ltr'><strong>qui</strong></span> 
     </span>
     <span class='ocr_line' id='line_1_31' title="bbox 149 2356 1576 2423; baseline 0.005 -20"><span class='ocrx_word' id='word_1_186' title='bbox 149 2361 227 2418; x_wconf 82' lang='lat' dir='ltr'><strong>jus</strong></span> <span class='ocrx_word' id='word_1_187' title='bbox 252 2356 399 2405; x_wconf 84' lang='lat' dir='ltr'><strong>habet</strong></span> <span class='ocrx_word' id='word_1_188' title='bbox 422 2358 664 2420; x_wconf 82' lang='lat' dir='ltr'><strong>sponsalia</strong></span> <span class='ocrx_word' id='word_1_189' title='bbox 688 2357 999 2415; x_wconf 87' lang='lat' dir='ltr'><strong>dissolvendi,</strong></span> <span class='ocrx_word' id='word_1_190' title='bbox 1034 2369 1198 2422; x_wconf 90' lang='lat' dir='ltr'><strong>potest</strong></span> <span class='ocrx_word' id='word_1_191' title='bbox 1223 2362 1418 2423; x_wconf 81' lang='lat' dir='ltr'><strong>propria</strong></span> <span class='ocrx_word' id='word_1_192' title='bbox 1459 2377 1576 2413; x_wconf 85' lang='lat' dir='ltr'><strong>auc-</strong></span> 
     </span>
     <span class='ocr_line' id='line_1_32' title="bbox 157 2422 705 2486; baseline 0.002 -16"><span class='ocrx_word' id='word_1_193' title='bbox 157 2422 352 2475; x_wconf 75' lang='lat' dir='ltr'><strong>tori-tate</strong></span> <span class='ocrx_word' id='word_1_194' title='bbox 375 2439 463 2472; x_wconf 89' lang='lat' dir='ltr'><strong>suo</strong></span> <span class='ocrx_word' id='word_1_195' title='bbox 478 2429 591 2486; x_wconf 71' lang='lat' dir='ltr'><strong>Jure</strong></span> <span class='ocrx_word' id='word_1_196' title='bbox 618 2425 705 2475; x_wconf 87' lang='lat' dir='ltr'><strong>uti.</strong></span> 
     </span>
    </p>

    <p class='ocr_par' dir='ltr' id='par_1_10' title="bbox 154 2490 1582 2894">
     <span class='ocr_line' id='line_1_33' title="bbox 227 2490 1573 2556; baseline 0.004 -18"><span class='ocrx_word' id='word_1_197' title='bbox 227 2490 293 2538; x_wconf 81' lang='lat' dir='ltr'><strong>R.</strong></span> <span class='ocrx_word' id='word_1_198' title='bbox 320 2494 398 2537; x_wconf 78' lang='lat'><strong>30·</strong></span> <span class='ocrx_word' id='word_1_199' title='bbox 438 2493 547 2542; x_wconf 81' lang='lat' dir='ltr'><strong>Nec</strong></span> <span class='ocrx_word' id='word_1_200' title='bbox 571 2509 769 2556; x_wconf 85' lang='lat' dir='ltr'><strong>quoque</strong></span> <span class='ocrx_word' id='word_1_201' title='bbox 793 2492 856 2540; x_wconf 90' lang='lat' dir='ltr'><strong>ad</strong></span> <span class='ocrx_word' id='word_1_202' title='bbox 880 2493 1176 2555; x_wconf 88' lang='lat' dir='ltr'><strong>sponsalium</strong></span> <span class='ocrx_word' id='word_1_203' title='bbox 1205 2493 1573 2547; x_wconf 81' lang='lat' dir='ltr'><strong>dissolutionem</strong></span> 
     </span>
     <span class='ocr_line' id='line_1_34' title="bbox 159 2557 1576 2625; baseline 0.005 -22"><span class='ocrx_word' id='word_1_204' title='bbox 159 2557 417 2619; x_wconf 83' lang='lat' dir='ltr'><strong>requiritur</strong></span> <span class='ocrx_word' id='word_1_205' title='bbox 457 2559 662 2609; x_wconf 76' lang='lat' dir='ltr'><strong>Judicis.</strong></span> <span class='ocrx_word' id='word_1_206' title='bbox 689 2561 959 2617; x_wconf 87' lang='lat' dir='ltr'><strong>Sententia,</strong></span> <span class='ocrx_word' id='word_1_207' title='bbox 994 2561 1034 2607; x_wconf 90' lang='lat' dir='ltr'><strong>si</strong></span> <span class='ocrx_word' id='word_1_208' title='bbox 1073 2562 1179 2614; x_wconf 86' lang='lat' dir='ltr'><strong>haec</strong></span> <span class='ocrx_word' id='word_1_209' title='bbox 1221 2562 1440 2625; x_wconf 71' lang='lat' dir='ltr'><strong>publ-ica,</strong></span> <span class='ocrx_word' id='word_1_210' title='bbox 1461 2564 1576 2620; x_wconf 86' lang='lat' dir='ltr'><strong>sint,</strong></span> 
     </span>
     <span class='ocr_line' id='line_1_35' title="bbox 154 2623 1574 2690; baseline 0.008 -22"><span class='ocrx_word' id='word_1_211' title='bbox 154 2623 309 2675; x_wconf 70' lang='lat' dir='ltr'><strong>,modo</strong></span> <span class='ocrx_word' id='word_1_212' title='bbox 328 2634 492 2674; x_wconf 75' lang='lat' dir='ltr'><strong>tamen</strong></span> <span class='ocrx_word' id='word_1_213' title='bbox 517 2627 714 2690; x_wconf 72' lang='lat' dir='ltr'><strong>publica</strong></span> <span class='ocrx_word' id='word_1_214' title='bbox 737 2627 816 2685; x_wconf 87' lang='lat' dir='ltr'><strong>sit,</strong></span> <span class='ocrx_word' id='word_1_215' title='bbox 851 2628 954 2676; x_wconf 88' lang='lat' dir='ltr'><strong>sive</strong></span> <span class='ocrx_word' id='word_1_216' title='bbox 979 2628 1041 2675; x_wconf 92' lang='lat' dir='ltr'><strong>de</strong></span> <span class='ocrx_word' id='word_1_217' title='bbox 1075 2633 1186 2690; x_wconf 87' lang='lat' dir='ltr'><strong>jure</strong></span> <span class='ocrx_word' id='word_1_218' title='bbox 1209 2630 1314 2682; x_wconf 81' lang='lat' dir='ltr'><strong>sive.</strong></span> <span class='ocrx_word' id='word_1_219' title='bbox 1329 2630 1399 2686; x_wconf 62' lang='lat' dir='ltr'><strong>de</strong></span> <span class='ocrx_word' id='word_1_220' title='bbox 1423 2630 1574 2689; x_wconf 83' lang='lat' dir='ltr'><strong>facto,</strong></span> 
     </span>
     <span class='ocr_line' id='line_1_36' title="bbox 159 2690 1577 2758; baseline 0.006 -21"><span class='ocrx_word' id='word_1_221' title='bbox 159 2690 403 2739; x_wconf 87' lang='lat' dir='ltr'><strong>resiliendi</strong></span> <span class='ocrx_word' id='word_1_222' title='bbox 423 2709 584 2750; x_wconf 87' lang='lat' dir='ltr'><strong>causa,</strong></span> <span class='ocrx_word' id='word_1_223' title='bbox 623 2705 691 2752; x_wconf 61' lang='lat' dir='ltr'><strong>ut,</strong></span> <span class='ocrx_word' id='word_1_224' title='bbox 730 2712 775 2741; x_wconf 89' lang='lat' dir='ltr'><strong>v.</strong></span> <span class='ocrx_word' id='word_1_225' title='bbox 796 2711 847 2758; x_wconf 86' lang='lat' dir='ltr'><strong>g.</strong></span> <span class='ocrx_word' id='word_1_226' title='bbox 884 2695 1035 2757; x_wconf 89' lang='lat' dir='ltr'><strong>partis</strong></span> <span class='ocrx_word' id='word_1_227' title='bbox 1057 2697 1577 2753; x_wconf 13' lang='lat' dir='ltr'><strong>uniuskmatrimonium</strong></span> 
     </span>
     <span class='ocr_line' id='line_1_37' title="bbox 162 2759 1577 2827; baseline 0.006 -23"><span class='ocrx_word' id='word_1_228' title='bbox 162 2759 462 2821; x_wconf 87' lang='lat' dir='ltr'><strong>subsequens</strong></span> <span class='ocrx_word' id='word_1_229' title='bbox 508 2772 592 2808; x_wconf 89' lang='lat' dir='ltr'><strong>aut</strong></span> <span class='ocrx_word' id='word_1_230' title='bbox 641 2762 911 2825; x_wconf 87' lang='lat' dir='ltr'><strong>Religionis</strong></span> <span class='ocrx_word' id='word_1_231' title='bbox 948 2762 1209 2827; x_wconf 86' lang='lat' dir='ltr'><strong>ingressus.</strong></span> <span class='ocrx_word' id='word_1_232' title='bbox 1304 2765 1452 2813; x_wconf 85' lang='lat' dir='ltr'><strong>Ratio</strong></span> <span class='ocrx_word' id='word_1_233' title='bbox 1502 2776 1577 2813; x_wconf 88' lang='lat' dir='ltr'><strong>est</strong></span> 
     </span>
     <span class='ocr_line' id='line_1_38' title="bbox 162 2825 1582 2894; baseline 0.004 -23"><span class='ocrx_word' id='word_1_234' title='bbox 162 2825 276 2888; x_wconf 89' lang='lat' dir='ltr'><strong>quia</strong></span> <span class='ocrx_word' id='word_1_235' title='bbox 312 2840 407 2872; x_wconf 87' lang='lat' dir='ltr'><strong>non</strong></span> <span class='ocrx_word' id='word_1_236' title='bbox 450 2826 568 2874; x_wconf 87' lang='lat' dir='ltr'><strong>inita</strong></span> <span class='ocrx_word' id='word_1_237' title='bbox 600 2839 712 2877; x_wconf 87' lang='lat' dir='ltr'><strong>sunt</strong></span> <span class='ocrx_word' id='word_1_238' title='bbox 734 2829 992 2894; x_wconf 87' lang='lat' dir='ltr'><strong>sponsalia,</strong></span> <span class='ocrx_word' id='word_1_239' title='bbox 1030 2831 1120 2878; x_wconf 90' lang='lat' dir='ltr'><strong>nisi</strong></span> <span class='ocrx_word' id='word_1_240' title='bbox 1155 2832 1243 2880; x_wconf 90' lang='lat' dir='ltr'><strong>sub</strong></span> <span class='ocrx_word' id='word_1_241' title='bbox 1270 2848 1329 2881; x_wconf 89' lang='lat' dir='ltr'><strong>ea</strong></span> <span class='ocrx_word' id='word_1_242' title='bbox 1371 2831 1582 2879; x_wconf 80' lang='lat' dir='ltr'><strong>conditi·</strong></span> 
     </span>
    </p>
   </div>
   <div class='ocr_carea' id='block_1_6' title="bbox 162 2891 1582 3013">
    <p class='ocr_par' dir='ltr' id='par_1_11' title="bbox 162 2891 1582 3013">
     <span class='ocr_line' id='line_1_39' title="bbox 162 2891 1582 3011; baseline 0.004 -72"><span class='ocrx_word' id='word_1_243' title='bbox 162 2908 285 2940; x_wconf 87' lang='lat' dir='ltr'><strong>one:</strong></span> <span class='ocrx_word' id='word_1_244' title='bbox 322 2891 359 2939; x_wconf 85' lang='lat' dir='ltr'><strong>si</strong></span> <span class='ocrx_word' id='word_1_245' title='bbox 402 2895 735 2957; x_wconf 83' lang='lat' dir='ltr'><strong>supervenerit</strong></span> <span class='ocrx_word' id='word_1_246' title='bbox 776 2907 874 3011; x_wconf 49' lang='lat' dir='ltr'><strong>au}</strong></span> <span class='ocrx_word' id='word_1_247' title='bbox 901 2896 1161 2962; x_wconf 87' lang='lat' dir='ltr'><strong>detegatur</strong></span> <span class='ocrx_word' id='word_1_248' title='bbox 1195 2899 1385 2948; x_wconf 89' lang='lat' dir='ltr'><strong>notaria</strong></span> <span class='ocrx_word' id='word_1_249' title='bbox 1426 2896 1582 3011; x_wconf 55' lang='lat' dir='ltr'><strong>resne}-</strong></span> 
     </span>
     <span class='ocr_line' id='line_1_40' title="bbox 880 2964 1578 3013; baseline -0.001 -2"><span class='ocrx_word' id='word_1_250' title='bbox 880 2966 932 3011; x_wconf 54' lang='lat'><strong>&gt;3</strong></span> <span class='ocrx_word' id='word_1_251' title='bbox 1462 2981 1523 3013; x_wconf 91' lang='lat' dir='ltr'><strong>en</strong></span> <span class='ocrx_word' id='word_1_252' title='bbox 1564 2964 1578 3010; x_wconf 90' lang='lat' dir='ltr'><strong>i</strong></span> 
     </span>
    </p>
   </div>
  </div>
 </body>
</html>
