1846 3250
547 187 645 234 DE
683 185 1176 238 MATRIMONIO.
1431 184 1436 191 ⁴
1470 188 1581 234 221‘

157 332 312 378 rator,
340 322 452 377 dum
496 321 598 387 ipse
640 338 734 379 non
778 332 850 369 est
893 321 954 372 in,
986 322 1171 373 Gratia.
1240 318 1370 374 Quid
1406 330 1580 385 autem

158 391 446 438 absurdius?
788 426 791 431 .

225 459 291 512 R.
330 457 572 506 hominem
614 457 748 505 illum
802 472 896 503 non
956 473 1166 520 peccare
1223 456 1423 521 praecise
1459 455 1574 507 dor-

89 551 92 552 ⁷
158 526 366 583 miendo‚
386 526 558 578 sedeo
584 536 803 589 tempore
829 540 924 587 quo
949 525 1217 586 praevidens
1235 522 1445 575 futuram
1464 539 1573 572 esse

159 594 354 645 circiter
401 593 484 645 tali
543 592 773 657 temporis
830 593 1083 640 intervallo
1141 593 1213 639 sui
1268 590 1585 644 Matrimonii,

155 662 550 717 celebrationem,
587 660 807 725 neglexit
848 670 1009 708 tamen
1046 656 1295 721 acquirere
1328 660 1588 722 dispositi-u

158 746 274 778 ones
315 730 377 783 ad
428 730 646 783 Gratiam
690 740 908 792 tempore
950 728 1291 779 celebrationis
1331 727 1588 791 recipien-¹

158 797 266 845 dam
315 798 581 861 requisitas.
677 799 747 845 At
804 806 1061 860 peccatum
1113 796 1234 843 illud
1286 811 1373 843 seu
1409 796 1571 859 potius

154 866 460 930 sacrilegium
498 882 593 913 non
629 865 829 929 impedit
888 864 1143 927 quominus
1204 862 1571 914 Matrimonium

159 935 460 988 Sacrameuti
507 936 742 992 rationem
800 934 1014 991 habeat:
1073 933 1144 984 sic
1205 931 1573 984 Matrimonium

155 1001 285 1065 quod
323 1018 375 1049 a·
402 1001 587 1065 sponsis
638 1001 955 1066 praesentibus
1005 999 1196 1064 peccati
1251 998 1439 1050 lethalis
1476 998 1571 1048 reis

155 1070 473 1128 contrahitur,
509 1086 605 1117 non
630 1070 785 1117 minus
810 1081 883 1119 est
927 1070 1313 1127 Sacramentum,
1354 1066 1573 1131 quamvis

154 1138 314 1185 neutri
340 1154 505 1189 eorum
528 1137 700 1186 Gratia
725 1137 1018 1189 conferatur.

222 1205 486 1257 Dices-20·
525 1206 729 1260 Carolus
787 1206 936 1257 Vm.
996 1204 1168 1258 Galliae
1222 1204 1336 1256 Rex
1376 1204 1575 1254 Annam

156 1271 219 1321 de
262 1273 575 1332 Aremorica„
601 1290 710 1338 quae
749 1290 836 1338 per
884 1275 1259 1324 Procuratorem
1309 1270 1579 1321 Maximili-

156 1356 249 1390 ano
289 1342 550 1392 Austriaco
607 1352 855 1406 nupserat,
915 1358 1120 1391 uxorem
1174 1340 1332 1398 duxit,
1368 1340 1574 1393 testibus

154 1409 377 1462 omnibus
414 1409 690 1459 Historicis.
784 1410 939 1474 Atqui
979 1421 1141 1458 tamen
1182 1410 1221 1456 si
1246 1408 1431 1461 valeret
1465 1405 1598 1456 Ma-v

154 1477 431 1526 trimonium
458 1495 544 1542 per
570 1474 939 1527 Procuratorem
980 1478 1168 1534 initum,
1205 1493 1264 1531 ac
1305 1475 1575 1540 praesertim

156 1546 195 1592 si
220 1556 348 1594 esset
375 1547 761 1602 Sacramentum,
797 1563 894 1595 non
938 1546 1175 1610 potuisset
1201 1545 1403 1594 Carolus
1431 1543 1575 1597 VIII.

156 1614 410 1677 praefatum
447 1614 812 1663 Matrimonium
851 1614 1175 1669 contrahere;
1235 1628 1357 1664 cum
1396 1611 1577 1664 Matri-

158 1681 389 1739 monium,
427 1682 690 1747 p-raesertim
719 1681 756 1730 si
786 1682 1150 1733 Sacramentum
1177 1680 1256 1740 sit,
1280 1689 1574 1745 perpetuum

156 1750 217 1799 sit
242 1766 299 1804 ac
324 1749 669 1807 indissolubile,
694 1761 747 1798 ut
770 1749 1248 1813 posteavidebimus.

225 1818 525 1884 Respondent
562 1818 773 1868 nonnulli
812 1836 912 1867 cum
959 1818 1167 1866 Daniele
1213 1826 1320 1869 tom·
1357 1819 1403 1866 5.
1442 1817 1577 1866 Hist.

163 1886 439 1940 Galliam
473 1904 648 1941 annum
678 1889 821 1936 1591.
857 1887 952 1935 hoc
985 1886 1175 1946 fac-tum,
1191 1886 1342 1936 fuisse
1364 1901 1455 1951 per
1479 1884 1577 1940 dis-

156 1956 493 2021 pensa-tionem
530 1956 581 2004 S.
619 1954 884 2014 Pontificis‚
943 1971 1037 2006 nec
1096 1952 1307 2005 defuisse
1350 1948 1578 2016 exempla

160 2024 432 2087 huiusmodi
468 2023 895 2089 dispensationum,
953 2023 1081 2072 forte
1134 2022 1247 2087 quia
1287 2031 1434 2086 pacta
1468 2020 1578 2072 haeo

159 2109 246 2157 per
306 2093 677 2148 Procuratorem
738 2102 854 2141 tunc
918 2091 1068 2155 magis
1133 2091 1428 2143 haberentur
1485 2103 1575 2153 pro

160 2161 465 2225 sponsalibus.
485 2177 626 2228 quam
653 2178 740 2227 pro
767 2160 1002 2225 conjugiis
1027 2160 1221 2209 omnino
1246 2157 1494 2210 absolutis.

228 2231 426 2288 Verum,
463 2230 639 2283 omissa
683 2232 775 2280 hac
817 2227 1145 2296 responsione,
1187 2228 1465 2295 reponimus
1501 2225 1574 2275 in-

159 2299 365 2348 validum
391 2299 538 2348 fuisse
583 2299 910 2349 Maximiliani
952 2317 1060 2348 cum
1109 2303 1251 2348 Anna
1275 2299 1337 2347 de
1365 2299 1573 2347 Aremo-

159 2368 259 2416 rica
298 2367 664 2417 Matrimonium
707 2385 794 2432 per
837 2368 1208 2417 Procuratorem
1248 2375 1573 2424 contractum,

165 2440 241 2482 10·
276 2437 389 2500 quia
415 2439 558 2485 Anna
581 2446 698 2486 tunc
744 2447 888 2485 aetate
932 2437 1084 2485 minor
1124 2435 1227 2485 sine
1253 2446 1574 2500 cognatorum

162 2519 397 2553 consensu
422 2515 683 2568 nupserat:
720 2507 800 2552 20·
837 2505 949 2568 quia
989 2505 1272 2569 praesertim,
1311 2520 1420 2552 cum
1446 2510 1577 2552 esset

163 2587 191 2617 e
216 2572 352 2636 regio
375 2572 608 2634 sanguine
645 2582 774 2629 nata,
808 2573 912 2621 sine
957 2572 1107 2636 Regis
1150 2588 1390 2621 consensu
1430 2586 1575 2635 spon-

161 2655 267 2686 sum
309 2640 490 2688 ducere
525 2657 620 2689 non
662 2641 836 2704 potuit,
874 2653 927 2690 ut
968 2641 1079 2689 alibi
1117 2642 1352 2700 dicemuS,
1391 2641 1472 2689 ubi
1512 2639 1575 2688 de

162 2707 459 2756 Matrimonii
506 2709 876 2772 impedimentis.
944 2709 1072 2757 Vide
1113 2709 1379 2758 Historiam
1418 2708 1573 2766 Galli-

164 2792 270 2822 cam
297 2776 361 2824 D.
398 2774 506 2839 Vely
539 2792 626 2840 per
658 2778 947 2826 Garnerium
972 2777 1320 2836 continuatam,
1346 2789 1464 2826 tom.
1492 2779 1576 2823 20.

165 2844 226 2891 ad
251 2860 327 2891 an.
361 2846 503 2892 1490.

240 2912 432 2970 Quaeres
468 2916 546 2958 40·
598 2921 756 2963 utrum
793 2930 889 2961 non
940 2912 1214 2977 baptizatis
1242 2913 1410 2977 quales
1463 2919 1577 2959 sunt

164 2980 417 3035 Infideles,
470 2977 646 3039 Judaei,
705 2980 1058 3041 Mahumetani,
1119 2981 1304 3046 possint
1362 2981 1488 3033 inter
1522 2994 1577 3026 se

1212 3046 1575 3096 Matrimonium
