1846 3250
586 174 680 221 DE
717 170 1215 221 MATRIMONIO.
1513 168 1610 220 208

207 299 299 364 cipi
337 309 582 365 praecepto
628 298 834 346 naturali
891 300 1068 356 stricto,
1126 297 1330 364 singulos
1365 296 1609 362 obligante,

205 371 327 432 quod
359 387 447 417 non
493 368 640 432 possit
674 366 840 431 absque
872 375 1056 431 peccato
1090 366 1272 414 violari.
1368 366 1465 414 Sed
1516 365 1611 412 hoc

204 453 371 497 unum
397 435 986 496 volunt‚sMatrimonium
1034 435 1279 481 hominum
1315 432 1613 481 inclinationi

205 517 309 551 esse
347 513 741 559 consentaneum,
779 502 899 549 illud
936 499 1115 549 naturae
1155 503 1376 549 humanae
1406 502 1612 549 multum

204 587 504 634 congruere:
541 570 683 627 sicut,
721 570 836 618 licet
874 569 973 616 vita
1010 569 1200 617 socialis
1240 570 1299 617 sit
1340 570 1613 617 hominibus

201 639 446 701 naturalis,
483 655 683 686 necesse
734 649 894 686 tamen
932 654 1026 683 non
1069 647 1142 684 est
1180 638 1401 685 absolute
1439 648 1488 687 et
1522 638 1611 684 sub

200 707 392 770 peccati
431 723 576 770 poena
603 700 666 755 'ut
707 707 850 753 homo
875 706 1021 753 vitam
1062 704 1290 752 socialem
1333 715 1461 769 agat,
1500 722 1613 753 cum

201 775 337 821 multi
373 775 630 822 sanctitate
673 774 853 830 eximii,
897 775 1112 822 Joannes
1154 772 1390 836 Baptista,
1434 773 1612 820 Paulus

203 843 525 890 Eremitarum
572 843 802 905 Princeps
840 853 973 890 antra
1020 852 1067 889 et
1110 857 1322 889 eremum
1366 841 1612 904 petierint.

202 911 354 958 Porro
390 912 612 958 lubenter
636 911 844 958 fatemur
886 909 1252 958 Matrimonium
1278 925 1335 956 eo
1360 907 1614 972 posteriori

201 994 344 1025 sensu
370 983 475 1026 'esse
500 978 772 1026 hominibus
813 978 1049 1032 naturale,
1076 994 1162 1025 seu
1192 993 1253 1024 ex
1279 977 1384 1040 ipsa
1407 977 1615 1024 naturali
1690 979 1694 982 '

199 1046 336 1109 Lege
372 1046 552 1093 ducere
590 1046 841 1109 originem.
917 1046 1074 1108 Igitur
1098 1062 1194 1092 non
1217 1045 1265 1091 in
1291 1045 1488 1109 reipsa,
1525 1044 1613 1092 sed

198 1124 301 1161 tota
326 1123 398 1161 est
424 1114 485 1161 de
510 1114 702 1161 nomine
733 1114 1059 1161 controversia
1100 1129 1268 1161 eorum
1303 1114 1384 1177 qui
1412 1122 1613 1161 conten-

201 1182 321 1228 dunt
349 1182 710 1230 Matrimonium
737 1183 858 1231 Jure
883 1181 1087 1229 naturali
1114 1198 1220 1229 esse
1245 1182 1536 1236 institutum,
1563 1191 1612 1227 et

202 1266 366 1296 eorum
393 1251 473 1312 qui
492 1251 664 1298 volunt
687 1250 950 1299 iilud-Jure
975 1251 1180 1298 naturali
1207 1251 1480 1298 nullatenus
1506 1265 1613 1297 esse

199 1329 512 1381 praeceptum.

626 1454 1048 1504 PROPOSITIO
1090 1454 1201 1503 III.

201 1593 559 1643 AWatrimonium
583 1594 644 1641 'ab
677 1594 812 1642 initio
838 1596 969 1658 Lege
999 1596 1157 1643 divina
1185 1594 1384 1659 positiva
1408 1591 1612 1658 singulos

587 1660 817 1731 obligante
834 1671 1116 1727 prceceptum
1142 1670 1224 1714 est.

224 1806 226 1808 ’
266 1803 343 1849 Ita
402 1801 723 1849 communiter
775 1801 1033 1866 Theologi,
1086 1801 1168 1867 qui
1232 1801 1611 1866 propositionem

197 1870 337 1918 istam
363 1872 587 1933 probant,
619 1874 693 1917 10.
720 1870 833 1932 quia
865 1870 1116 1933 probabile
1143 1886 1237 1917 non
1265 1882 1336 1918 est
1366 1870 1611 1917 Adamum

199 1941 248 1985 e't
274 1938 425 1985 Evam
451 1937 665 1999 nupsisse
690 1949 865 2000 praeter
889 1938 986 1986 Dei
1009 1939 1323 1986 voluntatem.
1350 1942 1434 1985 20³
1481 1939 1612 2000 Quia

197 2004 247 2051 id
274 2005 400 2052 Gen.
431 2008 472 2052 l.
499 2007 578 2051 28.
615 2005 815 2053 Crescite
849 2013 890 2053 et
933 2005 1315 2070 multiplicamini,
1354 2007 1611 2054 Matrimo-

197 2072 263 2118 nii
299 2083 593 2136 praeceptum
629 2072 872 2136 importat,
908 2074 981 2121 vel
1004 2075 1173 2121 saltem
1198 2075 1441 2138 supponit.
1535 2077 1610 2121 30.

199 2139 326 2194 Quia
364 2140 501 2188 Deus
542 2157 639 2186 non
680 2140 819 2188 aliter
860 2158 1013 2204 genus
1049 2142 1308 2189 humanum
1349 2143 1607 2207 propagari

196 2208 346 2255 voluit
383 2224 522 2269 quam
558 2224 645 2271 per
682 2210 990 2257 connubium.
1067 2209 1214 2259 Unde
1264 2216 1409 2272 juxta
1459 2211 1609 2275 ipsos,

194 2276 333 2325 Deus
358 2292 523 2323 omnes
548 2276 910 2325 ad‘nubendum
931 2277 1162 2341 obligavit
1189 2289 1452 2343 praecepto,
1474 2279 1607 2342 quod

196 2342 388 2391 Adamo
414 2355 525 2392 ante
551 2344 753 2408 lapsum,
775 2356 824 2392 et
842 2346 1032 2394 Noemo
1052 2346 1211 2394 statim
1238 2357 1347 2412 post
1373 2346 1606 2395 diluvium

193 2422 443 2459 intimavit.
682 2420 684 2423 '
931 2444 934 2447 ,

267 2480 378 2527 Hoc
409 2489 572 2528 autem
610 2490 907 2545 praeceptum
941 2480 1142 2546 singulis
1184 2482 1244 2530 de
1289 2482 1605 2530 Matrimonio

193 2546 404 2594 ineundo
452 2563 609 2594 rerum
656 2549 861 2596 exordio
901 2549 1194 2613 impositum,
1247 2551 1407 2598 statim
1443 2550 1603 2607 desiit,

196 2629 306 2660 cum
355 2615 544 2663 soboles
594 2616 803 2665 humana
852 2618 1145 2665 sufficienter
1202 2630 1471 2683 propagata
1506 2629 1599 2667 est.

196 2682 319 2729 Cum
340 2680 468 2729 enim
490 2691 700 2733 cessaret
723 2685 955 2750 praecepti
980 2686 1102 2747 finis,
1129 2686 1282 2751 ipsum
1301 2697 1599 2752 praeceptum

195 2747 412 2798 desinere
438 2750 618 2800 debuit.
1605 2779 1607 2782 ·

1402 2962 1610 3048 Paopj
