1846 3250
523 149 621 201 DE
661 148 1159 200 MATRIMONIO.
1458 132 1570 199 scs}

128 305 183 337 se
207 288 434 338 lubenter
458 301 596 335 nune:
620 300 801 334 novum
836 285 983 349 priori
1005 282 1332 333 'matrimonio‘
1355 294 1568 351 consen-¹<

131 372 237 406 sum
265 357 587 419 praebere,⁴et
622 363 795 417 optare
829 365 884 401 ut
907 354 1013 417 ipsa
1048 352 1196 401 etiam
1229 351 1428 414 pariter
1445 366 1563 399 con·

129 425 341 475 sentiat·
379 432 429 471 et
468 432 589 470 tunc
613 422 653 470 si
686 437 746 469 ea
770 438 967 486 quoque
995 430 1212 470 renovet
1251 424 1560 496 consensum,

132 492 361 553 dicatque
397 506 450 538 se
484 489 661 538 iterum
696 489 1043 538 lubentissime
1059 488 1356 538 consentire
1384 502 1506 535 eam
1516 487 1566 533 in

129 572 331 607 uxorem
358 557 603 620 accipere,
640 557 788 605 stabit
812 555 1189 604 matrimonium.
1254 555 1423 603 Tutus
1460 552 1566 619 qui-

133 625 243 674 dem
272 636 348 673 est
383 627 556 673 modus
592 624 748 673 illem
785 624 1012 688 praesenti
1039 640 1156 672 casu
1204 622 1568 671 matrimonium

134 692 518 756 redintegrandi,
555 692 644 740 sed
680 709 777 740 non
816 698 891 740 est
929 707 1110 769 expers
1148 689 1446 739 difficultatis
1484 700 1571 738 aut

135 762 360 824 periculi,
398 761 666 824 praesertim
691 760 732 808 si
755 759 930 807 mulier
954 758 1168 808 criminis
1195 758 1258 806 sit
1292 773 1394 819 rea,
1430 756 1573 808 mari-

137 839 312 892 tusque
338 828 636 892 perspicacis
660 845 719 876 ac
754 826 1008 893 suspiciosi
1030 826 1230 890 ingenii.

204 897 341 945 Hinc
376 897 456 945 alii
483 897 731 945 Doctores
756 895 995 945 affirmant
1017 911 1115 942 non
1151 893 1335 959 requiri
1362 903 1417 942 ut
1454 907 1573 942 con·

129 970 224 1026 jux
248 964 650 1027 impedimentum
688 963 916 1027 ignorans
942 962 1005 1010 de
1030 961 1322 1009 matrimonii
1348 961 1574 1009 nullitate

138 1042 413 1089 moneatur,
439 1047 562 1078 -cum
607 1032 714 1078 haec
756 1030 833 1077 via
857 1045 1074 1091 *semper
1115 1029 1347 1091 importet
1390 1029 1575 1093 gravis-

139 1098 284 1147 simas
324 1098 645 1168 suspiciones,
678 1098 829 1152 rixas,
866 1109 916 1145 et
959 1098 1052 1145 alia
1088 1096 1436 1145 incommoda·
1423 1116 1437 1155 ;
1477 1097 1577 1145 sed

139 1165 363 1215 sufficere
406 1175 459 1213 ut
495 1175 797 1228 compartem
845 1165 1009 1231 aliqua
1056 1175 1161 1212 arte
1202 1165 1301 1215 vel
1328 1164 1576 1214 blanditiis

139 1224 357 1282 adducat
380 1235 441 1281 ad
466 1233 822 1281 renovandum
836 1247 1147 1289 consensum,
1184 1249 1230 1280 v.
1255 1250 1301 1296 g.
1341 1232 1380 1280 si
1406 1242 1577 1295 postu-

142 1303 211 1349 let
237 1310 288 1348 ut
315 1316 404 1378 pro
428 1316 517 1349 sua
551 1300 887 1349 consolatione
925 1317 1057 1349 nunc
1095 1300 1158 1348 de
1193 1314 1323 1348 novo
1348 1315 1455 1349 sese
1491 1300 1580 1349 ha-

143 1370 292 1417 beant
329 1369 378 1415 in
420 1368 647 1416 maritum
689 1379 740 1416 et
778 1384 983 1417 uxorem
1008 1389 1020 1425 ;
1050 1369 1131 1416 vel
1175 1377 1480 1430 compartem
1504 1369 1579 1419 his

144 1435 306 1484 verbis
330 1436 562 1485 deliniat:
600 1438 679 1484 Ita
705 1453 807 1485 amo
832 1445 891 1494 te,
930 1444 981 1484 ut
1006 1454 1046 1485 52
1071 1453 1162 1484 non
1189 1444 1303 1485 esset
1336 1436 1462 1486 inter
1499 1455 1582 1486 nos

146 1503 508 1581 matrimonium,
544 1512 590 1552 te
630 1504 680 1551 in
715 1504 952 1570 conjugem
978 1504 1251 1566 acciperem,
1278 1511 1333 1552 et
1358 1521 1479 1553 mmc
1514 1505 1583 1554 ita

148 1580 194 1618 te
216 1572 410 1635 accipio,
447 1578 557 1619 tunc
590 1570 709 1619 idem
734 1586 790 1619 ex
814 1580 908 1619 tua
922 1579 1069 1633 parte
1081 1571 1263 1637 ficis?
1299 1571 1349 1618 Si
1381 1586 1583 1634 respon-

148 1637 264 1686 deat
293 1639 453 1704 facio,
511 1648 597 1685 aut
648 1637 791 1688 simili
850 1639 999 1686 verbo
1048 1653 1338 1686 consensum
1399 1652 1582 1688 novum

149 1705 387 1760 declaret,
427 1713 545 1753 tunc
581 1705 763 1770 valebit
797 1705 1174 1763 matrimonium,
1213 1705 1329 1767 quia
1354 1719 1465 1769 pars
1501 1708 1589 1755 im-

149 1773 485 1834 pedimentum
545 1773 775 1834 ignorans
834 1789 1013 1821 novum
1072 1773 1431 1825 matrimonium
1480 1776 1587 1823 vult

150 1839 289 1896 inire,
327 1840 366 1886 si
392 1840 525 1902 prius
549 1855 646 1887 non
669 1840 763 1887 fuit
788 1840 1021 1896 validum,
1059 1850 1108 1887 et
1134 1841 1250 1902 quia
1273 1841 1355 1890 ille
1381 1858 1588 1891 consen-

150 1923 231 1958 sus
258 1907 515 1970 aequivalet
538 1907 797 1955 consensui
834 1908 951 1955 dato
976 1923 1088 1954 eum
1126 1924 1361 1971 expressa
1396 1909 1591 1961 nullita-

153 1975 267 2022 tatis
292 1974 584 2022 matrimonii
610 1974 910 2037 cognitione.
984 1975 1034 2022 Si
1069 1975 1399 2040 praevideatur
1432 1978 1590 2040 suspi-

153 2042 338 2098 ciones,
374 2041 522 2098 rixas,
548 2058 607 2089 ac
643 2042 924 2105 gravissima
941 2042 1253 2090 incommoda
1279 2059 1341 2091 ex
1369 2045 1589 2094 declara-

154 2109 292 2171 tione
315 2108 550 2156 nullitatis
586 2109 877 2167 matrimonii
915 2126 1022 2162 esse
1064 2112 1326 2169 nascitura,
1365 2121 1419 2160 ut
1443 2112 1588 2163 facile

158 2172 446 2239 contingere
472 2186 649 2238 potest,
687 2176 1022 2233 existimamus
1069 2178 1311 2244 posterius
1347 2178 1477 2228 istud
1513 2198 1589 2229 re-

156 2243 371 2291 medium
408 2254 494 2291 aut
530 2244 664 2292 aliud
703 2244 859 2293 simile
898 2260 1005 2293 esse
1039 2240 1389 2305 adhibendum,
1428 2253 1587 2313 eoque

158 2312 304 2358 modo
339 2311 685 2360 convalescere
721 2312 1099 2371 matrimonium,
1135 2313 1281 2362 modo
1318 2321 1493 2363 tamen
1518 2315 1590 2363 di-

159 2389 316 2436 catur,
352 2378 529 2442 accipio
564 2386 610 2427 te
631 2380 680 2427 in
707 2396 914 2437 uxorem,
950 2394 1048 2427 non
1084 2397 1201 2428 vero
1243 2384 1492 2448 acciperem
1527 2392 1588 2441 te,

158 2446 272 2510 quia
295 2456 416 2494 tunc
440 2460 706 2495 consensus
731 2463 824 2495 nec
845 2458 976 2497 esset
993 2448 1055 2496 de
1081 2449 1318 2512 praesenti
1330 2466 1422 2498 nec
1448 2451 1590 2500 abso·

131 2513 308 2561 lutus.
379 2556 385 2560 .
873 2541 876 2544 ·

232 2578 528 2651 Assignant
545 2580 743 2658 quidem
786 2581 865 2629 alii
914 2581 1162 2631 Doctores
1204 2582 1349 2632 alium
1392 2585 1590 2635 modurn

164 2663 278 2710 quo,
302 2663 401 2695 non
440 2648 639 2697 detecta
662 2648 835 2726 prioris
870 2649 1164 2698 matrimonii
1199 2652 1439 2711 nullitate,
1478 2670 1594 2702 con-

164 2729 335 2763 sensus
371 2716 591 2764 renovari
630 2716 811 2779 possit.
860 2717 1069 2774 scilicet,
1095 2723 1243 2782 juxta
1277 2735 1391 2776 eoS,
1415 2721 1594 2769 sufficit

167 2791 239 2838 ut,
258 2791 374 2844 post
391 2784 639 2832 obtentam
665 2783 1096 2848 dispensationem,
1124 2801 1233 2849 pars
1256 2787 1595 2854 impedimenti

166 2849 365 2897 conscia
387 2849 566 2899 affectu
590 2851 796 2901 maritali
832 2853 1039 2903 accedat
1076 2854 1139 2902 ad
1162 2864 1329 2903 actum
1362 2862 1596 2920 conjuga-

168 2917 297 2974 lem;
332 2917 445 2979 quia
481 2918 710 2983 ignorans
757 2919 1160 2983 impedimentum
1207 2921 1402 2973 accedit
1447 2923 1597 2972 etiam

849 2987 910 3035 1
897 3004 914 3034 1
1492 2991 1596 3045 sine
