1852 3250
658 193 751 241 DE
792 168 1106 241 camma
1519 190 1583 234 23

572 395 822 447 Solvuntur
856 397 1156 465 Olgjectz'ones.

155 547 158 550 ’
232 531 334 597 obj.
365 534 424 578 1⁰·
452 531 499 579 Si
527 531 836 596 episcopatus
860 533 922 581 sit
941 534 1306 581 Sacramentum
1328 529 1578 595 quoddam

159 600 421 661 peculiare,
471 601 610 664 plura
651 612 791 650 erunt
834 619 975 666 quam
1018 612 1204 665 septem
1248 599 1580 647 Saciamenta.

151 669 332 731 Atqui,
370 673 457 717 &c.

228 738 290 784 R.
316 755 418 802 ner.
441 741 549 803 mqj.
588 738 819 791 Quamvis
845 739 971 786 enim
990 735 1333 794 dIaconatus,
1321 752 1416 781 imo
1438 740 1477 782 &
1498 734 1579 782 alii

163 777 398 865 Ordines,
420 811 564 868 juxta
584 823 666 854 eos
690 807 819 870 ipsos
839 808 921 872 qui
941 807 1275 870 episcopatum
1294 806 1578 853 Sacramen-

160 882 260 919 tum
301 891 406 922 esse
431 874 720 931 inficiantur,
760 876 1061 924 sacramenti
1098 874 1333 922 rationem
1361 872 1450 919 sibi
1477 871 1577 918 vin-

159 940 339 999 dicent,
373 959 470 990 non
492 942 602 990 ideo
627 952 788 991 tamen
814 954 1021 1007 augetm
1040 944 1464 993 Sacramentorum
1490 956 1579 986 nu-

147 1015 348 1065 'merus3
381 1028 475 1058 nec
499 1010 645 1075 igitur
668 1011 807 1059 simili
834 1016 946 1074 jure
971 1011 1069 1060 dici
1092 1021 1255 1076 potest
1273 1027 1382 1057 eum
1408 1022 1578 1056 nume-

156 1093 257 1124 rum
284 1081 450 1144 augeri
473 1079 519 1137 in
545 1078 786 1128 sententia
810 1097 979 1128 eorum
1006 1082 1089 1145 qui
1115 1080 1417 1128 contendunt
1446 1077 1574 1140 epis-

149 1157 385 1209 copatum
411 1164 516 1195 esse
545 1150 913 1196 Sacramentum
944 1165 973 1196 a
995 1149 1348 1213 piaesbyteratu
1374 1146 1575 1193 distinc-

158 1224 278 1262 tum.
338 1216 482 1264 Ratio
507 1233 535 1264 a
560 1216 707 1280 priori
732 1228 822 1273 est,
861 1217 973 1281 quia
1001 1218 1424 1266 Sacramentorum
1451 1214 1574 1260 mul-

156 1281 387 1346 tiplicitas
425 1285 692 1333 desumitur
730 1302 825 1333 non
867 1303 928 1334 ex
970 1286 1218 1349 signorum
1261 1283 1577 1346 materialitei

155 1362 458 1414 sumptorum
501 1353 877 1417 multiplicitate,
920 1324 1040 1402 sedo
1046 1371 1109 1402 ex
1148 1353 1428 1401 diversitate
1465 1346 1573 1397 finis
1619 1401 1623 1408 ,

144 1422 197 1466 ’ὅτ
237 1418 439 1469 effectus
478 1420 539 1468 ad
579 1437 723 1484 quem
760 1421 1042 1469 ordinantur
1076 1422 1159 1469 illa
1194 1422 1347 1484 signa.
1418 1419 1571 1466 Porro

153 1487 478 1536 sacerdotium
515 1489 563 1535 in
603 1505 701 1554 quo
726 1506 789 1537 ex
826 1499 970 1537 antea
1006 1489 1149 1537 dictis
1184 1489 1495 1553 episcopatus
1530 1491 1572 1535 Sc

144 1553 536 1620 'praesbyteratus
570 1567 794 1619 tanquam
830 1558 939 1605 duae
962 1557 1152 1621 species
1184 1557 1231 1603 in
1257 1573 1353 1604 uno
1390 1571 1573 1618 genere

152 1623 479 1682 continentur,
515 1625 825 1684 diaconatus„
853 1625 977 1674 sicut
1012 1625 1391 1674 subdiaconatus
1417 1627 1458 1670 δι
1491 1623 1573 1671 alii

140 1687 365 1740 ‘Ordines
407 1694 469 1741 ad
511 1694 736 1741 eumdem
777 1694 941 1751 finem,
977 1703 1098 1758 puta
1129 1693 1490 1741 confectionem
1525 1696 1566 1740 δε

150 1761 611 1809 administrationem
656 1762 871 1826 corporis
912 1762 1107 1819 Christi,
1148 1761 1461 1816 referuntur3
1509 1776 1570 1809 ac

140 1829 354 1893 >proinde
396 1829 511 1878 licet
551 1830 728 1895 singuli
754 1831 966 1878 Ordines
1003 1831 1093 1878 sibi
1126 1831 1361 1878 rationem
1402 1829 1571 1877 Sacra-

142 1898 300 1946 'menti
324 1897 643 1958 vindicarent,
679 1908 732 1946 ut
756 1900 918 1962 placet
943 1898 1201 1956 nonnullis,
1230 1914 1376 1945 unum
1405 1907 1568 1946 tamen,

151 1966 518 2015 Sacramentum
553 1967 934 2022 constitum-eun
986 1966 1018 2013 ii
1051 1976 1213 2015 tamen
1247 1965 1422 2014 diversi
1459 1976 1570 2013 sunt

150 2033 361 2081 Ordines
402 2051 462 2082 eo
501 2034 632 2099 quod
672 2029 994 2083 diversimode
1031 2036 1094 2083 ad
1135 2035 1350 2099 corporis
1388 2033 1568 2082 Christi

150 2102 506 2150 confectionem
543 2112 783 2166 spectent.

220 2171 322 2236 Obj.
347 2173 411 2217 2⁰·
452 2171 500 2218 Si
537 2171 845 2235 episcopatus
881 2182 1008 2219 esset
1047 2172 1415 2221 Sacramentum
1453 2170 1568 2218 cha-

138 2237 386 2287 racterem
405 2242 433 2286 a
455 2240 785 2303 praesbyterali
809 2238 1089 2288 distinctum
1115 2240 1412 2303 imprimens,
1437 2239 1566 2287 foret

138 2307 228 2355 'ille
265 2307 519 2355 character
553 2308 881 2372 p1·aesbyterali
905 2308 1222 2372 praestantior.
1282 2307 1432 2370 Atqui
1461 2308 1566 2354 nul-

138 2375 218 2422 ‘lus
243 2385 317 2423 est
342 2376 595 2423 character
632 2376 936 2440 praestantior
976 2376 1327 2440 praesbyterali,
1364 2376 1445 2437 qui
1480 2391 1568 2439 po-

138 2452 369 2491 testatem
407 2446 594 2508 praebet
632 2444 811 2494 Christi
849 2461 1024 2508 corpus
1061 2443 1370 2502 conficiendi,
1410 2443 1563 2508 Ergo,

145 2514 232 2559 &c.
510 2532 512 2535 ’

131 2586 138 2592 “
212 2581 277 2628 R.
303 2597 407 2644 neg.
434 2580 543 2628 min.
581 2580 706 2628 Nam
728 2579 896 2644 procul
925 2580 1074 2627 dubio
1099 2580 1353 2628 character
1377 2579 1565 2643 episco-

135 2645 265 2709 ‘palis
289 2648 541 2711 adaequate
565 2658 784 2712 sumptus
823 2649 1127 2712 praestantior
1164 2659 1237 2697 est
1278 2649 1563 2696 charactere

135 2716 491 2778 'praesbyterali‚
530 2733 639 2764 cum
666 2717 883 2765 includat
918 2716 1242 2764 sacerdotium
1270 2716 1566 2779 perfectum,

143 2798 349 2844 cumque
397 2783 574 2831 habeat
621 2785 856 2848 quicquid·
898 2785 1022 2832 ines‘t
1070 2785 1459 2849 praesbyteratui‚
1512 2794 1562 2831 et

142 2861 378 2912 praeterea
403 2851 581 2912 aliquid
607 2854 830 2916 amplius,
856 2869 1032 2915 nempe
1056 2863 1350 2916 potestatem
1375 2852 1564 2900 Fideles

141 2918 412 2980 baptizatos
448 2920 779 2980 confirmandi,
835 2922 1165 2985 Praesbyteros
1214 2921 1344 2985 ipsos
1395 2934 1568 2967 conse-

144 2986 326 3043 crandi,
364 2991 451 3036 Sec,
