1846 3250
264 161 380 216 ,104
777 153 1205 227 TRACTATUS

283 292 544 354 Ministros
568 305 681 339 suos
723 290 958 339 uxoribus
982 306 1166 350 carere,
1203 308 1261 341 ac
1286 303 1572 358 perpetuam
1597 310 1705 359 pro-

277 362 416 415 fiteri
442 358 807 410 continentiam.

363 430 555 485 Quoeres
564 429 654 476 20·
677 444 743 476 ειη·
764 427 962 476 maritus
986 444 1134 486 nunc,
1160 428 1353 480 vivente
1379 445 1535 479 uxore
1559 439 1609 479 et
1646 447 1706 480 ea

284 498 644 555 consentiente,
679 495 832 560 possit
859 496 1017 545 Sacris
1045 495 1265 547 initiari?

282 615 286 621 ,
359 566 734 631 R-qffirmatz've.
778 564 876 613 Sed
918 581 1043 612 uxor
1078 563 1128 610 in
1169 581 1231 612 eo
1269 581 1383 615 casu
1414 571 1525 628 jure
1566 577 1706 616 tene-

226 628 236 637 ’
289 644 370 682 tur
401 633 639 711 semoveri
670 649 699 680 a
723 632 911 690 marito,
952 632 1358 698 Religionemque
1393 635 1626 698 profiteri,
1664 634 1702 683 si

280 701 474 764 juvenis
498 701 560 751 sit
584 713 669 750 aut
701 701 763 748 de
798 700 1150 748 incontinentia
1187 711 1446 765 suspecta;
1479 703 1555 751 vel
1597 720 1708 767 per-

288 781 488 849 petuam
522 769 572 817 in
606 770 786 819 saeculo
826 768 1172 818 continentiam
1199 786 1392 829 vovere,
1428 770 1467 819 si
1499 786 1708 862 sexage-

275 840 425 891 naria
447 838 525 887 sit.

290 955 296 961 ,
364 909 557 964 Quaeres
581 909 646 955 30·
684 915 844 954 utrum
887 903 1033 954 sacris
1060 904 1325 953 Ordinibus
1365 905 1539 954 initiati
1576 922 1708 956 nunc

288 975 500 1022 invalide
525 973 880 1025 matrimonium
907 973 1210 1033 contrahant,
1247 989 1305 1022 ac
1345 989 1537 1039 semper
1576 974 1708 1023 inva-

288 1044 389 1091 lide
415 1041 749 1100 contraxerint
765 1042 788 1087 ?

292 1158 294 1162 Α
360 1111 426 1159 R.
452 1115 512 1158 1⁰·
559 1107 894 1158 vetustissimis
917 1108 1220 1172 temporibus
1256 1110 1362 1157 haec
1398 1108 1707 1159 matrimonia

288 1178 440 1232 fuisse
476 1178 686 1245 quidem
700 1178 958 1241 prohibita,
996 1177 1081 1224 sed
1120 1194 1214 1224 non
1240 1176 1464 1234 invalida,
1503 1186 1572 1225 ut
1591 1194 1709 1226 con-

289 1256 387 1295 stat
411 1264 475 1295 ex
504 1247 692 1296 Concil.
716 1248 1000 1310 Ancyrano,
1038 1261 1116 1294 an.
1143 1248 1256 1293 314.
1298 1261 1404 1293 can.
1433 1249 1512 1294 10.
1550 1247 1709 1295 Aure-

288 1315 545 1375 lianensi0
518 1339 562 1362 α.
589 1332 665 1362 an.
691 1319 806 1363 538.
835 1329 942 1361 can.
959 1316 1015 1365 7·

221 1400 223 1408 ¹
296 1440 298 1443 .
359 1383 429 1430 R.
454 1386 518 1440 20·
545 1388 648 1445 jam
673 1398 702 1430 a
725 1381 888 1430 multis
912 1381 1100 1428 saeculis
1139 1380 1243 1428 haec
1277 1380 1579 1429 matrimonia
1603 1398 1709 1430 esse

289 1449 425 1508 irrita
460 1467 655 1515 prorsus
690 1467 751 1502 ac
789 1449 1033 1508 invalidia,
1070 1461 1121 1496 ut
1160 1449 1429 1497 videbimus
1463 1448 1511 1496 in
1538 1449 1705 1498 Tract.
1757 1454 1760 1456 ’

293 1519 354 1567 de
375 1518 592 1567 Mati-im.
1356 1566 1367 1574 κ

365 1587 646 1643 Quaeres4·
705 1601 764 1635 an
815 1582 993 1633 Clerici
1028 1583 1280 1632 inferiores
1323 1584 1577 1634 coelibatus
1623 1602 1709 1635 seu

290 1664 543 1717 perpetuae
568 1651 878 1704 continentiae
902 1652 1013 1715 lege
1040 1662 1299 1700 teneantur
1320 1654 1336 1701 ἒ

304 1777 306 1781 ,
358 1722 425 1770 R.
463 1720 713 1785 Quidquid
754 1720 820 1778 ¹sit
865 1720 928 1767 de
969 1720 1214 1767 veteribus
1261 1720 1576 1784 temporibus,
1621 1738 1710 1769 ex-

289 1790 518 1855 praesenti
545 1788 783 1837 Ecclesiae
808 1788 969 1836 latinae
1011 1787 1267 1865 disciplina
1306 1789 1510 1836 clericis
1547 1788 1711 1836 inferi-

292 1857 460 1904 oribus
494 1857 681 1905 licitum
719 1872 825 1905 esse
860 1871 998 1903 suum
1039 1855 1367 1914 ministerium
1390 1857 1618 1905 abdicare
1659 1867 1709 1905 et

292 1941 474 1983 uxores
516 1925 713 1987 ducere.
783 1925 970 1972 Verum
1005 1922 1044 1971 si
1082 1923 1327 1980 duxerint,
1356 1929 1456 1986 jam
1495 1942 1590 1972 non
1627 1924 1712 1972 ha·

292 1994 473 2041 bentur
522 2004 572 2041 ut
612 1991 807 2050 Clerici,
844 2008 937 2040 nec
966 1992 1268 2040 Clericorum
1315 1992 1598 2056 privilegiis'
1624 2009 1710 2056 po-

293 2061 497 2123 tiuntur,
536 2076 802 2124 emumque
848 2059 1103 2116 beneficia,
1146 2065 1291 2122 juxta
1318 2061 1490 2108 Galliae
1533 2071 1710 2108 nostrae

293 2128 629 2192 Jnrisperitos,
687 2129 793 2190 ipso
824 2132 952 2190 jure,
1030 2129 1162 2176 nulla
1224 2127 1417 2177 ,Iudicis
1471 2128 1710 2177 sententia

294 2196 546 2259 requisita,
582 2206 776 2245 vacant.

668 2357 903 2407 CAPUT
947 2356 1318 2423 ocrnvnm.

554 2524 557 2527 ‘
634 2524 713 2572 De
754 2506 982 2594 ffktibus
1021 2520 1356 2570 ordinationis.

330 2689 593 2738 Durmzx
618 2696 700 2736 est
719 2655 1016 2736 Sacramenti
1043 2658 1238 2733 Ordinis
1267 2685 1487 2746 effectus,
1523 2686 1709 2736 Gratia

293 2727 525 2875 videlicet
547 2767 607 2804 et
624 2756 904 2805 Character.

449 2825 849 2873 Sacramentum
892 2822 1090 2870 Ordinis
1138 2821 1355 2870 Gratiam
1404 2820 1710 2887 sanctifican-

294 2904 393 2944 tem
415 2892 625 2943 confert.
660 2891 787 2940 Nam
812 2893 858 2942 2.
880 2890 1091 2940 Timoth.
1122 2894 1164 2940 1.
1193 2892 1431 2941 Admonet>
1459 2897 1528 2938 τε·
1550 2897 1602 2961 ,²⁴²
1630 2907 1707 2963 fe·-

1401 2970 1404 2973 '
1519 2964 1704 3005 suscztes
