1846 3250
506 170 606 220 DE
640 168 1145 219 MATRIMONIO.
1441 176 1544 222 333
1564 189 1573 201 ·

189 312 253 359 R.
288 309 354 357 nd
381 308 422 356 1.
459 305 765 355 sterilitatem
789 306 853 354 ab
887 304 1177 369 impotentia
1201 304 1555 368 distinguinee

124 376 482 426 matrimonium
517 372 763 429 dirimere,
805 375 886 420 10·
914 373 1028 437 quia
1063 390 1160 421 non
1197 373 1401 438 impedit
1437 390 1556 436 quo—

121 446 280 492 minus
301 445 535 505 conjuges
552 440 672 488 fiant
689 456 788 487 una
804 456 935 498 caro,
976 445 1053 489 2⁰.
1071 440 1182 502 quia
1206 440 1372 489 multis
1389 456 1557 489 exem-

122 513 230 577 plis
241 519 432 558 constat
456 508 743 555 sterlitatem
778 523 875 554 nou
899 523 1095 570 semper
1120 525 1226 556 esse
1251 520 1556 585 perpetuam,

123 579 201 627 3⁰·
237 577 351 642 quia
384 592 481 623 non
521 576 682 624 solent
717 575 925 632 steriles,
962 576 1054 621 nisi
1100 575 1388 639 impotentia
1423 576 1557 624 labo·-

122 656 248 701 rent‚
285 661 315 693 a
372 642 632 692 Judicibus
680 641 1028 690 ecclesiasticis
1084 652 1170 690 aut
1205 643 1429 692 civilibus
1481 660 1559 692 se.-

121 713 296 778 parari.
977 746 979 750 .

193 783 256 830 R.
282 781 348 829 ad
372 781 416 827 2.
454 778 617 826 valere
654 746 961 834 matrimonia
1000 792 1030 824 a
1069 777 1290 826 sensibus
1334 788 1558 828 contrac-

124 858 191 904 ta,
227 862 322 895 nec
361 846 459 894 ulla
491 846 604 909 lege
644 845 919 909 prohibere,
957 844 1046 891 nisi
1084 854 1248 893 tamen
1284 845 1353 892 illi
1388 863 1554 895 senses

124 915 306 963 viribus
365 928 464 977 prae
521 912 660 960 annis
703 911 1046 969 deficientibus
1090 912 1346 960 evaserint
1404 913 1560 977 impo-

124 994 303 1040 tentes,
339 997 426 1030 seu
464 980 527 1028 ad
563 979 997 1028 consummandum
1033 978 1392 1028 matrimonium
1418 981 1554 1029 inha-

122 1051 259 1098 biles.

148 1135 157 1139 ·
195 1117 257 1165 R.
280 1117 348 1165 ad
368 1118 450 1163 3⁰·
481 1114 738 1163 eunuchos
776 1128 863 1162 seu
894 1113 1140 1178 spadones
1175 1130 1271 1162 non
1308 1130 1453 1179 posse
1476 1131 1558 1164 va-

127 1184 228 1232 lide
253 1183 608 1232 matrimonium
631 1182 943 1240 contrahere,
982 1182 1050 1230 uti
1094 1182 1361 1231 declaravit
1389 1183 1557 1232 Sixtus

128 1253 188 1300 V.
214 1267 291 1299 an.
323 1253 468 1302 1587.
504 1260 554 1298 et
578 1265 806 1312 suprema
843 1250 989 1297 Curia
1017 1249 1317 1298 Parisiensis.

200 1320 392 1375 Quoeres
422 1321 530 1365 100·
555 1333 616 1365 an
642 1319 802 1365 valeat
827 1317 1184 1365 matrimonium
1215 1319 1275 1366 ab
1301 1318 1556 1382 impubere

126 1396 430 1434 contractum
456 1386 480 1431 Ρ

194 1455 257 1502 R.
301 1457 377 1499 10·
406 1457 518 1515 jure
543 1450 749 1499 naturali
776 1450 1036 1499 invalidum
1063 1468 1170 1501 esse
1196 1452 1554 1502 matrimonium

126 1522 187 1569 ab
230 1521 496 1584 impubere*
532 1528 838 1567 contractum
882 1529 996 1567 ante
1036 1519 1236 1582 rationis
1277 1536 1435 1576 usum,
1473 1520 1556 1584 qui

125 1600 240 1637 ante
231 1588 570 1686 Oseptennium
596 1584 826 1636 advenire
850 1602 944 1633 non
974 1587 1296 1648 praesumitur.

295 1655 451 1703 Jure
505 1653 843 1708 ecclesiastico
903 1654 1036 1701 nulla
1093 1665 1206 1702 sunt
1248 1654 1557 1703 matrimonia

127 1659 430 1787 iniguberum
457 1731 571 1769 ante
613 1736 791 1767 annum
818 1720 1061 1769 decimum
1096 1731 1320 1784 quartum
1357 1722 1405 1769 in
1444 1723 1558 1770 viris

123 1791 397 1854 expletum,
434 1800 484 1836 et
509 1787 855 1835 duodecimum
888 1788 936 1833 in
960 1787 1191 1843 foeminis,
1232 1799 1285 1837 ut
1321 1800 1458 1852 patet
1494 1807 1556 1838 ex

128 1875 236 1921 cap.
281 1858 397 1906 Ture
423 1856 568 1912 uobis,
604 1856 662 1903 de
696 1855 933 1919 Despons
958 1856 1240 1919 impuberum
1267 1867 1317 1903 et
1343 1873 1404 1903 ex
1432 1859 1557 1904 mul·

127 1926 186 1972 tis
229 1938 561 1986 supremarum
608 1921 858 1969 Curiarum
898 1922 1159 1978 Decretis;
1194 1922 1342 1987 idque
1385 1924 1559 1971 merito

128 1992 369 2038 sancitum
412 2000 484 2037 est
527 1999 728 2052 propter
767 2005 1005 2036 summam
1046 1988 1320 2038 libertatem
1364 2008 1472 2056 quae
1507 1992 1557 2037 in

128 2057 443 2106 matrimoniis
476 2057 757 2119 requiritur.

198 2127 278 2174 Ab
305 2124 396 2172 hac
438 2134 612 2172 tamen-
638 2124 811 2187 regula
849 2123 1129 2187 excipiendi
1162 2136 1276 2174 sunt
1307 2127 1381 2173 10·
1410 2130 1557 2186 juxta

128 2193 382 2258 praefatum
431 2207 539 2254 cap.
594 2192 639 2239 T
636 2208 708 2239 me
763 2192 905 2246 nobis,
959 2193 1237 2255 impuberes
1283 2194 1332 2240 in
1382 2195 1558 2258 quibus

131 2260 311 2308 malitia
335 2260 531 2322 supplet
566 2268 775 2317 aetatem,
812 2259 860 2306 id
883 2270 989 2316 -est,
1028 2259 1107 2323 qui
1148 2270 1263 2309 ante
1286 2262 1558 2324 pubertatis

131 2344 281 2376 annos
319 2325 504 2375 habiles
544 2337 657 2373 sunt
698 2326 759 2373 ad
802 2343 940 2373 usum
990 2329 1318 2390 conjugalem,
1354 2329 1559 2392 haecque

130 2394 363 2459 exceptio
388 2410 417 2441 a
452 2395 635 2442 Senatu
663 2394 920 2441 Parisiensi
954 2398 1112 2442 1623.
1151 2396 1343 2444 videtur
1383 2412 1562 2459 appro-

129 2466 260 2510 bata.
332 2462 558 2509 Sentiunt
598 2473 760 2510 tamen
799 2461 878 2508 alii
919 2463 1171 2525 perplures
1207 2479 1314 2510 eam
1340 2463 1560 2526 excepti·

131 2546 272 2577 onem
320 2544 415 2576 nec
451 2528 601 2576 fuisse
647 2544 676 2575 a
718 2529 867 2576 Curia
916 2530 1171 2576 Parisiensi
1221 2533 1557 2594 approbatam,

131 2613 224 2644 nec
282 2595 329 2642 in
389 2596 563 2643 nostris
622 2596 967 2645 Tribunalibus
1023 2597 1132 2644 foro
1188 2597 1557 2646 admittendam.

133 2662 380 2725 Quidquid
422 2663 483 2710 sit
522 2671 662 2710 notat
689 2663 907 2711 Collator
944 2664 1315 2726 Andegavensis
1356 2665 1563 2714 dissolu·

130 2731 313 2778 tionem
337 2730 629 2777 matrimonii
652 2746 749 2777 non
774 2747 918 2793 posse
957 2731 1005 2777 in
1048 2748 1109 2780 eo
1142 2748 1258 2781 casu
1294 2734 1399 2781 sine
1423 2733 1558 2797 gravi

135 2797 353 2861 periculo
399 2797 717 2860 pronuntiari,
755 2799 1021 2876 praesertim
1071 2799 1109 2846 si
1154 2810 1291 2848 certo
1332 2817 1377 2847 v.
1404 2817 1452 2862 g.
1495 2815 1560 2847 ex

136 2875 379 2927 concepto
401 2864 543 2921 foetu,
582 2875 826 2913 constaret
853 2866 1212 2913 matrimonium
1251 2866 1402 2915 fuisse
1444 2882 1564 2914 con-

132 2942 441 2980 summatum.
511 2934 593 2978 20·
629 2933 787 2980 Juxta
810 2934 1069 2982 nonnullos
1092 2936 1153 2985 ab
1189 2933 1361 2982 eadem
1390 2934 1562 2996 regula

167 3020 179 3027 ·‘
1275 3000 1559 3065 excipiendi
