1846 3250
296 136 393 182 150
787 135 1214 185 TRACTATUS

788 300 1225 372 Pnoposrno.

324 462 536 512 filateria
596 462 886 512 Diaconatus
938 472 1004 511 est
1063 462 1291 529 impositio
1353 479 1584 522 manuum,
1647 474 1691 513 et

784 530 1075 594 probabilius
1109 531 1221 580 sola.

378 669 519 719 Prob-
548 673 591 717 ]
579 687 740 736 pars.
769 663 812 718 I.
866 671 982 721 Ex
970 671 1027 718 iis
1053 665 1155 735 quae
1179 670 1228 718 in
1253 670 1405 736 prima
1429 681 1565 736 parte
1590 671 1715 719 dixi

306 755 431 796 mus,
468 738 548 786 ubi
573 739 843 802 per'victum
868 749 943 787 est
979 739 1334 803 impositionem
1371 755 1596 789 manuum
1631 739 1716 788 Sa-

308 807 541 855 cramenti
568 806 768 855 Ordinis
790 822 896 855 esse
915 807 1181 855 materiam.
1252 809 1375 857 Cum
1402 808 1527 857 enim
1554 806 1717 854 diaco-

308 884 450 923 natus
511 874 812 923 Sacramenti
860 874 1094 923 rationem
1135 876 1330 933 habeat,
1372 877 1487 925 huic
1545 870 1715 923 Ordini

309 951 594 1006 competunt
621 959 729 1006 quae
754 943 816 991 de
840 960 899 991 eo
928 943 1242 992 Sacramento
1266 944 1500 1009 praedicta
1524 954 1651 991 sunt.

378 1012 458 1057 2⁰·
518 1010 598 1057 Ex
655 1011 931 1075 Scripturis‚
968 1028 1033 1059 ex
1080 1011 1252 1074 quibus
1300 1023 1490 1061 constat
1530 1022 1719 1074 septem

309 1076 489 1142 primos
514 1078 768 1127 Diaconos
803 1078 1108 1144 impositione
1147 1096 1375 1129 manuum
1410 1095 1517 1129 esse
1541 1078 1722 1128 consti·

311 1155 460 1195 tutos.

384 1218 463 1262 30·
499 1214 727 1263 Omnium
770 1214 1239 1265 Ecclesiarumsive
1280 1214 1581 1264 orientalium
1622 1214 1726 1262 sive

315 1281 690 1332 occidentalium
726 1282 776 1329 in
808 1283 892 1331 illo
933 1284 1028 1332 ritu
1070 1284 1346 1348 usurpando
1388 1280 1725 1340 consensione,

315 1361 371 1399 ut
394 1360 584 1398 constat
611 1365 675 1398 ex
701 1368 865 1399 earum
891 1351 1184 1403 Ritualibus.

384 1421 468 1466 40·
530 1418 609 1466 Ex
636 1418 856 1468 omnibus
898 1419 1192 1489 argumentis
1223 1418 1273 1467 in
1320 1418 1603 1482 probatione
1651 1426 1726 1467 se-

319 1484 480 1536 cunda
506 1486 656 1550 partis
681 1488 827 1535 modo
852 1485 1171 1538 adducendis.

387 1554 533 1603 Pr.ob
558 1557 604 1601 2.
621 1572 755 1619 pars
805 1555 884 1603 Ex
918 1572 978 1604 eo
1003 1555 1131 1618 quod
1172 1556 1388 1606 nullam
1376 1572 1425 1602 in
1462 1553 1726 1603 ordinando

319 1620 550 1669 Diacono
574 1623 841 1679 materiam,
878 1622 1094 1670 nullam
1081 1639 1131 1669 m
1171 1623 1312 1685 hujus
1350 1623 1546 1672 Ordinis
1582 1622 1731 1671 colla-

320 1688 453 1737 tione
481 1689 666 1737 Gratiae
690 1706 903 1748 causam,
938 1698 1113 1754 praeter
1147 1707 1315 1739 manus
1353 1690 1728 1753 impositionem,

320 1767 704 1814 commemorent
724 1758 1107 1807 constitutiones
1126 1758 1402 1823 apostolicae
1418 1758 1500 1805 lib.
1517 1762 1561 1805 8.
1586 1773 1630 1805 c.
1653 1761 1730 1805 17.

323 1824 550 1889 Synodus
576 1825 805 1888 Carthag.
828 1830 877 1872 4.
902 1842 1010 1878 can.
1032 1830 1079 1874 4.
1100 1825 1331 1890 ,Synodus
1357 1824 1659 1889 Hispalensis
1683 1826 1730 1871 2.

324 1909 431 1956 cap.
458 1897 504 1940 4.
574 1893 1003 1958 Dionysiuslvulgo
1024 1893 1325 1958 Areopagita
1348 1908 1456 1957 cap.
1479 1896 1527 1942 5.
1581 1894 1734 1956 Syno-

325 1962 417 2008 dus
441 1961 711 2009 Meldensis
735 1978 810 2010 an.
845 1965 960 2013 845.
995 1978 1055 2012 ac
1095 1963 1291 2012 tandem
1333 1960 1557 2025 permulti
1597 1958 1732 2007 Libri

324 2030 523 2077 rituales
556 2028 882 2086 vetustissimi,
919 2047 1038 2092 quos
1070 2030 1243 2080 videre
1284 2041 1359 2079 est
1395 2029 1524 2093 apud
1548 2028 1735 2077 Marte-

325 2096 457 2144 nium
485 2113 592 2160 cap.
619 2101 665 2146 9.
701 2107 790 2146 art.
815 2102 862 2148 9.
888 2115 1019 2148 num.
1043 2102 1091 2146 4.

397 2165 465 2212 Et
508 2181 625 2220 vero
670 2165 709 2213 si
755 2175 931 2230 praeter
967 2182 1196 2214 manuum
1236 2164 1595 2230 impositionem
1643 2162 1736 2209 alia

327 2233 457 2281 foret.
482 2233 767 2282 diaconatus
807 2232 1023 2290 materia,
1060 2234 1137 2282 vel
1162 2244 1292 2282 esset
1319 2231 1525 2281 traditio
1552 2228 1734 2278 codicis

330 2301 726 2364 Evangeliorum,
762 2301 839 2349 vel
874 2302 1013 2365 stola,
1049 2301 1126 2348 vel
1152 2299 1438 2349 dalmatica·
1473 2309 1620 2360 atque
1658 2300 1736 2344 10·

331 2385 427 2416 non
453 2368 648 2418 traditio
666 2368 848 2417 codicis
868 2362 1271 2433 Evangeliorum3
1305 2366 1559 2429 siquidem,
1585 2380 1738 2427 quan·

334 2437 398 2485 do
422 2437 632 2485 Diaconi
668 2438 728 2485 ab
753 2437 1004 2502 Apostolis
1040 2436 1237 2486 fuerunt
1260 2433 1482 2490 ordinati,
1520 2432 1735 2480 nondum

335 2506 560 2553 exstabat
586 2505 960 2569 Evangeliorum
986 2504 1149 2555 codex
1171 2503 1253 2567 qui
1276 2501 1399 2550 tradi
1423 2512 1602 2565 posset,
1645 2516 1737 2548 nec

334 2572 532 2635 insuper
556 2573 706 2620 olim'
694 2590 742 2620 m
768 2573 993 2621 Ecclesia
1014 2572 1196 2620 latina
1185 2588 1233 2620 in
1273 2569 1590 2618 Ordinatione
1615 2568 1735 2616 Dia-

338 2655 570 2687 conorum
607 2641 920 2689 tradebantur
945 2639 1224 2703 Evangelia,
1257 2655 1350 2686 nec
1374 2638 1517 2686 etiam
1543 2636 1736 2684 tradun-

338 2717 418 2754 tur
441 2706 569 2770 apud
598 2707 815 2756 Graecos.
850 2710 925 2754 2⁰·
945 2708 1055 2756 Nec
1077 2707 1217 2764 stola,
1243 2716 1344 2754 tum
1365 2706 1479 2770 quia
1500 2720 1594 2751 non
1619 2702 1740 2765 legi-

338 2787 419 2822 tur
456 2773 618 2838 primis
643 2774 876 2822 Diaconis
918 2775 1046 2830 data,
1089 2785 1191 2822 tum
1233 2774 1341 2836 quia
1381 2773 1539 2888 iniusss
1546 2771 1742 2819 traditio

342 2844 390 2889 in
431 2841 593 2889 multis
630 2842 836 2906 antiquis
876 2841 1151 2890 Ritualibus
1191 2841 1441 2890 omittitur.
1579 2837 1737 2885 ·Nec

343 2910 485 2959 etiam
512 2909 803 2968 Dalmatica,
840 2919 1039 2973 propter
1063 2909 1257 2959 easdem
1281 2844 1539 2964 rationes-3
1507 2974 1553 3020 A

1556 2981 1737 3021 ttamen
