1846 3250
576 143 672 192 DE
720 142 781 191 M
787 139 1218 192 ATRIMo-NIO.
1508 147 1620 220 44}ss-

168 277 416 331 communi
442 277 662 327 omniurn·
692 278 834 340 buJus
863 277 1024 341 Regni
1064 275 1427 325 provinciarum
1456 293 1605 327 sensu

173 350 352 398 docent
379 346 713 403 Cabassutius‚
751 346 1025 394 collatores
1052 344 1334 393 Parisiensis
1355 355 1404 393 et
1433 346 1602 394 Ande-

171 415 411 481 gavensis,
449 414 532 478 qui
569 430 675 461 non.
708 424 911 461 censent
937 429 1044 460 eam
1071 412 1219 460 fuisse
1258 414 1453 475 Regum
1491 431 1602 462 nos-

167 495 351 532 trorum
399 494 613 529 mentem
668 490 721 528 ut
773 480 1178 544 impedimentum
1228 496 1258 528 a
1311 481 1603 530 Tridentino

169 551 451 599 distinctum
478 549 784 597 inducerent.

164 644 166 646 ·
238 619 433 672 Quaeres
459 619 566 666 290·
605 634 712 679 quae
755 615 968 664 debeant
1011 630 1118 662 esse
1159 615 1353 663 testium
1393 617 1601 681 qualita-

167 687 284 734 tes?
1481 722 1487 727 .

233 754 304 801 R.
331 755 402 800 10·
439 768 748 800 communem
782 750 991 814 Thelog.
1017 759 1066 798 et
1093 750 1281 798 Canon.
1317 751 1596 815 opinionem

169 834 341 869 contra
381 820 633 884 quosdam,
684 819 866 867 docere
911 834 1023 866 cum
1076 818 1244 881 Sylvio
1281 819 1344 866 ad
1382 819 1597 867 valorem

167 888 471 936 Sacramenti
507 888 729 935 sufficere
754 902 1091 949 quoscumque
1114 886 1195 946 qui
1232 902 1372 933 usum
1399 886 1598 934 rationis

161 956 397 1012 habeant,
444 954 561 1018 quid
597 964 771 1017 agatur
812 954 1104 1016 intelligant,
1142 962 1191 999 et
1228 952 1293 999 de
1346 955 1593 1001 matrimo-

163 1022 245 1069 nio
282 1023 532 1070 celebrato
572 1021 739 1069 testari
775 1021 991 1083 possint3
1047 1019 1319 1080 cujusmodi
1360 1030 1470 1067 sunt
1499 1037 1592 1084 pa-

158 1098 330 1147 rentes,
366 1089 715 1152 consanguinei,
752 1088 845 1136 viri
891 1095 935 1135 et
981 1086 1211 1143 mulieres,
1250 1088 1357 1146 boni
1403 1097 1447 1135 et
1495 1105 1597 1136 ma-

159 1156 211 1214 li,
247 1157 463 1223 infirmes,
514 1154 907 1211 excommunicati,
960 1154 1051 1202 imo
1098 1162 1142 1202 et
1183 1155 1455 1219 impuberes,
1512 1157 1596 1219 qni

161 1224 279 1272 satis
323 1223 660 1286 intelligentiae
705 1224 933 1270 habeant.
1005 1222 1151 1270 Unde
1191 1239 1445 1270 necessum
1495 1241 1595 1270 non

164 1302 240 1340 est
265 1301 319 1339 ut
344 1307 426 1339 eas
450 1291 662 1339 habeant
698 1290 957 1355 qualitates
1000 1305 1119 1352 quas
1153 1290 1316 1353 Leges
1352 1291 1519 1339 civiles
1544 1291 1596 1338 in

165 1359 324 1409 causis
356 1358 576 1407 civilibus
613 1369 698 1406 aut
733 1357 1063 1405 criminalibus
1097 1360 1367 1421 requirunt.
1447 1359 1595 1406 Ratio

162 1426 375 1489 ipsorum
419 1437 493 1473 est
534 1429 610 1473 10·
636 1426 748 1488 quia
788 1425 905 1475 nihil
949 1425 1081 1472 circa
1117 1426 1311 1473 testium
1338 1426 1515 1474 famam
1543 1436 1594 1474 et

160 1494 276 1542 aIIas
303 1493 560 1556 qualitates
588 1510 617 1541 a
644 1493 866 1542 Concilio
894 1492 1184 1540 Tridentino
1220 1493 1475 1541 definitum
1502 1505 1594 1542 est.

163 1564 240 1609 20.
281 1561 487 1616 Quiafsi
528 1571 677 1609 testes
718 1561 930 1609 debeant
956 1576 1079 1617 esse,
1120 1570 1175 1607 ut.
1207 1561 1492 1624 loquuntur,
1530 1563 1591 1609 ab

161 1629 291 1676 omni
316 1629 612 1690 exceptione
638 1633 858 1690 majores,
885 1628 933 1674 id
961 1638 1051 1683 est,
1084 1628 1144 1674 ab
1171 1628 1300 1674 omni
1326 1629 1597 1691 reprelien-

157 1696 294 1744 sione
318 1696 572 1752 immunes,
610 1695 914 1743 matrimonia
956 1694 1115 1742 forent
1141 1695 1293 1758 magis
1329 1695 1514 1744 incerta
1539 1709 1590 1744 et

159 1763 324 1811 litibus
361 1773 444 1810 aut
470 1763 853 1811 dubitationibus
879 1762 1110 1820 obnoxia,
1149 1779 1292 1825 quam
1320 1774 1433 1811 ante
1461 1765 1594 1812 Con--

161 1831 326 1879 cilium
351 1830 713 1878 Tridentinum.
786 1830 937 1883 Quoti
965 1829 1093 1877 enirn
1120 1831 1472 1887 concubinarii,
1500 1831 1590 1879 ho·

161 1898 368 1954 minida»,
396 1897 603 1945 adulteri
630 1896 945 1944 matrimoniis
970 1897 1278 1949 subscribere
1303 1899 1497 1947 solent!

228 1966 296 2014 R.
321 1967 402 2011 20·
445 1964 700 2029 Quidquid
723 1964 784 2011 sit
810 1964 872 2012 de
898 1964 1147 2012 communi
1190 1965 1283 2012 ista
1308 1966 1592 2030 Theologu-

159 2049 267 2080 rum
291 2033 550 2089 sententia,
587 2031 870 2080 enitendum
896 2048 1003 2080 esse
1027 2048 1057 2079 a
1080 2032 1303 2080 Parocho
1330 2043 1398 2089 ut,
1437 2050 1593 2096 quan-

160 2112 263 2148 tum
288 2100 392 2147 fieri
418 2109 597 2163 potest,
633 2100 956 2147 adhibeantur
994 2099 1080 2145 viri
1107 2099 1262 2162 probi,
1301 2101 1397 2148 fide
1435 2101 1587 2165 digni,

157 2184 254 2215 non
280 2178 442 2215 autern
462 2167 588 2230 vagi,
625 2166 860 2215 incertive
885 2166 1133 2223 domicilii,
1172 2184 1267 2215 nec
1290 2167 1590 2232 impuberes,

159 2235 273 2298 quin
297 2236 394 2282 imo
413 2234 664 2297 Duperrai
686 2235 735 2281 in
753 2235 993 2282 Tractatu
1015 2234 1078 2282 de
1100 2234 1332 2301 Dispens.
1368 2236 1589 2284 Matrini.

157 2319 202 2351 c.
226 2304 309 2350 41.
350 2302 576 2350 mulieres
601 2301 870 2351 excludere
895 2301 1102 2358 videtur,
1139 2313 1189 2351 et
1220 2303 1386 2351 laudat
1415 2305 1601 2353 Arres--

158 2381 261 2417 tum
303 2369 511 2418 Senatus
561 2369 845 2418 Parisiensis
885 2386 963 2418 an.
1004 2371 1150 2421 1700.
1190 2388 1287 2434 quo
1330 2371 1589 2419 decretum

158 2448 233 2485 est
273 2436 501 2484 mulieres
541 2452 638 2484 non
676 2453 782 2484 esse
825 2436 874 2483 in
908 2438 1225 2484 matrimoniis
1257 2454 1346 2501 pro
1383 2438 1590 2486 testibus

157 2502 501 2552 admittendas.
571 2503 854 2552 Ludovicus
882 2504 1024 2551 XIV.
1050 2504 1099 2550 in
1128 2504 1308 2552 Edicto
1333 2521 1410 2553 an.
1442 2508 1591 2556 1697.

158 2571 262 2619 vult
286 2587 384 2618 non
410 2580 599 2618 tantum
626 2581 678 2620 ut
715 2581 864 2619 testes
888 2571 984 2619 sint
999 2572 1109 2634 fide
1132 2572 1266 2637 digni
1279 2593 1299 2629 ;
1339 2572 1427 2620 sed
1460 2574 1591 2622 insu-

156 2654 244 2701 per
269 2647 324 2686 ut
347 2637 645 2686 domicilium
683 2648 854 2686 notum
889 2638 1119 2695 habeant,
1157 2650 1207 2688 et
1244 2656 1421 2688 nomen
1447 2657 1590 2689 suum

157 2704 278 2754 actis
314 2705 747 2753 matrimonialibus
794 2707 1102 2754 subscribere
1146 2707 1357 2764 Valeant,
1395 2708 1434 2755 si
1472 2724 1591 2771 qua.-

155 2783 265 2821 tuor
290 2772 528 2836 ejusmodi
553 2771 602 2819 in
622 2774 733 2821 loco
754 2773 1097 2822 celebrationis
1125 2773 1329 2823 inveniri
1354 2773 1557 2838 possint.

224 2839 475 2897 Parentes,
537 2840 749 2904 cognati,
804 2841 985 2899 affines,
1047 2840 1323 2900 domestici,
1370 2842 1590 2904 quamvis

154 2906 294 2958 aliter
317 2906 379 2957 sit
403 2907 453 2956 in
478 2906 582 2958 aliis
606 2908 831 2973 negotiiS‚
868 2907 918 2954 in
942 2908 1124 2975 nuptiis
1150 2909 1473 2959 admittuntur
1501 2925 1590 2972 pro

775 2975 833 3024 M
855 2991 901 3023 m
928 2979 959 3024 3
1368 2975 1597 3036 testibus,
