1846 3250
501 202 598 252 DE
637 200 1136 258 MATmMONro.
1461 184 1565 253 489

142 340 369 391 Patribus
420 348 481 387 et
509 337 797 401 Theologis
837 336 1090 401 permultis
1137 336 1270 385 hunc
1297 348 1302 352 ·
1325 351 1579 385 accessum

143 417 406 473 peccatum
465 421 571 454 esse
631 407 827 465 lethale.
922 405 1048 453 Haec
1109 404 1236 452 enim
1294 403 1581 468 prohibitio,

143 486 289 539 prout
326 463 674 522 caeremonialis
734 483 782 521 et
845 472 1093 533 judicialis
1155 482 1257 520 erat
1315 470 1431 535 (sub
1484 488 1582 535 quo

143 550 372 606 respectu
415 541 617 590 Judaeos
653 542 742 588 sub
778 540 965 587 mortali
1003 540 1267 602 obligabat,
1282 538 1299 603 )
1355 555 1444 603 per
1483 539 1582 588 Le-

145 626 256 673 gem
290 608 626 672 evangelicam
665 609 901 669 abrogata
939 616 1045 655 est:
1081 616 1321 669 quatenus
1370 606 1583 665 moralis,

146 678 331 742 obligat
367 676 566 739 quidem
610 675 927 732 Christianos,
979 674 1067 723 sed
1106 683 1294 722 tantum
1341 675 1431 722 sub
1468 690 1585 737 pec·

149 755 260 793 cato
287 743 478 792 veniali.

224 813 413 868 Qnoeres
438 814 523 859 50·
560 825 619 857 an
649 813 783 870 Justa
818 806 878 856 sit
916 807 1135 857 debitum
1168 807 1445 872 denegandi
1473 822 1587 858 cau-

150 896 219 937 sa,
258 878 391 944 quod
415 878 577 941 proles
603 893 632 924 a
656 876 857 923 muliere
882 877 1195 924 ablactetur?

218 947 288 994 R.
329 956 518 994 certum
556 960 662 991 esse
713 956 815 991 tum
867 943 1173 1006 experientia
1208 953 1311 991 tum
1361 915 1588 992 Medico-

152 1031 257 1062 rum
288 1013 476 1075 judicio
513 1012 742 1058 mulieres
778 1012 1016 1058 lactantes
1053 1026 1271 1075 persaepe
1309 1009 1587 1086 concipere

159 1081 301 1131 Unde
326 1097 455 1143 saepe
480 1079 534 1126 fit
562 1089 613 1126 ut
654 1077 792 1141 pueri
841 1079 1080 1126 lactantes
1123 1078 1332 1141 pessime
1367 1077 1589 1125 innutriti

72 1157 78 1162 ’
153 1149 311 1197 varios
335 1148 384 1194 in
409 1147 605 1194 morbos
629 1144 845 1193 incidant
873 1156 956 1193 aut
988 1145 1134 1194 etiam
1176 1155 1418 1208 pereant..
1493 1145 1592 1193 His

151 1215 337 1280 positiS,
375 1215 437 1263 ad
470 1213 751 1274 solvendam
787 1224 1077 1275 praesentem
1114 1213 1468 1270 difficultatem,
1506 1214 1591 1260 tri-

154 1284 272 1348 plex
308 1283 561 1337 mulierem
598 1281 787 1344 prolem
823 1281 1174 1329 ablactantium
1217 1297 1374 1345 genus
1422 1281 1593 1329 distin-

156 1351 367 1414 guimus.
459 1348 588 1397 Aliae
621 1346 846 1395 nimirum
905 1348 1094 1411 prolem
1129 1348 1339 1413 alienam
1388 1349 1590 1406 lactant,

157 1418 263 1465 aliae
298 1433 415 1465 vero
449 1415 694 1480 propriam
731 1416 934 1478 prolem.
1019 1417 1180 1465 Inster
1204 1416 1320 1464 istas
1347 1433 1464 1465 vero
1490 1416 1593 1465 aliae

158 1494 362 1549 possunt
388 1485 451 1532 de
475 1484 635 1531 aliena
659 1482 850 1531 nutrice
889 1482 1164 1546 providere,
1201 1484 1307 1531 aliae
1345 1497 1442 1532 non
1483 1480 1593 1548 pos-⁴

158 1561 288 1602 sunt.
359 1551 598 1600 Mulieres
641 1567 750 1613 quae
784 1551 969 1614 prolem
1005 1550 1213 1600 alienam
1249 1552 1468 1609 lactantf
1497 1567 1593 1607 non

158 1620 493 1668 existimamus
518 1635 548 1666 a
571 1617 740 1666 debito
764 1617 1020 1666 reddendo
1062 1618 1336 1676 immunes:
1369 1617 1458 1665 sed
1501 1628 1597 1666 sta-

158 1689 245 1735 tim
290 1702 349 1734 ac
383 1702 437 1734 se
476 1685 762 1748 concepisse
805 1694 1062 1741 noverunt,
1099 1685 1286 1746 prolem
1313 1683 1596 1747 parentibus

159 1754 421 1801 ‘restituere
458 1752 640 1799 debent
676 1762 729 1797 ut
759 1752 822 1798 de
855 1752 1008 1799 altera
1039 1751 1230 1798 nutrice
1268 1751 1601 1813 provideatur.

165 1820 394 1869 Similiter
430 1819 657 1864 mulieres
716 1817 961 1880 propriam
1015 1813 1201 1881 prolem
1250 1819 1510 1875 lactantes,
1557 1819 1598 1876 si

166 1903 263 1934 non
286 1886 450 1935 desint
474 1883 739 1932 fucultates
766 1895 814 1931 et
842 1884 1012 1949 copiae,
1052 1884 1132 1932 ubi
1160 1884 1368 1948 primum
1393 1902 1446 1933 se
1469 1886 1600 1935 ferre

167 1964 361 2018 partum
411 1951 857 2007 animadverterint,
911 1961 1143 1999 tenentur
1189 1968 1392 2015 puerum
1430 1953 1602 2002 alienae

167 2020 346 2069 nutrici
372 2018 716 2067 obluctandum
744 2018 877 2065 dare.
970 2021 1220 2071 Quantum
1243 2036 1360 2068 vero
1397 2019 1460 2068 ad
1484 2020 1601 2075 alias

169 2088 397 2136 mulieres
422 2086 492 2134 sic
517 2086 686 2149 inopes
713 2096 766 2134 ut.
790 2102 888 2132 non
930 2086 1115 2148 possint
1140 2087 1384 2135 dealiena
1408 2089 1600 2137 nutrice

164 2155 445 2219 piovidere,
482 2152 709 2200 videntur
745 2169 774 2200 a
831 2152 999 2202 debito
1052 2153 1329 2204 xmeddendo
1356 2154 1602 2206 immunes

169 2231 372 2300 propter
407 2220 680 2285 periculum
718 2236 782 2268 ex
817 2220 1093 2268 redditione
1131 2221 1283 2269 debiti
1330 2222 1484 2285 proli
1501 2239 1603 2275 suae

168 2289 462 2345 imminens,
479 2287 614 2350 quod
652 2287 866 2349 quidem,
905 2302 968 2334 ex
1005 2286 1283 2352 hypothesi,
1316 2288 1415 2337 alio
1457 2290 1604 2338 modo

171 2373 267 2403 non
305 2366 508 2419 possunt
543 2365 784 2402 avertere.
854 2355 1062 2417 Propter
1094 2356 1317 2404 eamdem
1366 2356 1603 2409 rationein

173 2440 269 2470 non
294 2432 459 2497 potest
482 2422 530 2468 in
567 2436 626 2469 eo
665 2421 835 2469 ultimo
878 2437 995 2469 casu
1036 2421 1233 2470 maritus
1274 2422 1493 2471 debitum
1519 2440 1605 2487 pe·-

172 2502 295 2538 tere.
633 2513 635 2516 r

245 2558 438 2613 Quaeres
470 2557 563 2602 6ο
603 2570 663 2602 an
701 2554 822 2603 fides
871 2550 1255 2605 matrimonialis
1287 2557 1504 2619 postulet
1552 2568 1606 2606 ut

178 2624 397 2672 debitum
423 2623 682 2684 conjugale
707 2623 798 2670 soli
823 2623 1019 2686 conjugi
1045 2623 1319 2671 reddatur?

171 2711 173 2715 ¹
249 2691 314 2738 R.
349 2689 399 2736 id
435 2697 656 2738 constare
693 2700 795 2738 tum
846 2694 958 2749 Jure
1015 2690 1242 2747 naturali,
1276 2701 1379 2739 tum
1427 2690 1607 2749 divino,

183 2770 286 2805 tum
321 2758 552 2812 human0,
591 2771 686 2817 quo
733 2755 1025 2806 adulterium
1075 2773 1137 2805 ex
1178 2775 1326 2822 aequo
1374 2770 1429 2807 ut
1473 2759 1612 2821 flagi-

184 2825 304 2872 tium
329 2823 500 2886 ingens
524 2824 815 2886 reprobatur
856 2839 915 2871 ac
952 2825 1110 2889 poenis
1147 2826 1440 2891 gravissimis
1477 2825 1612 2889 plec-

185 2892 317 2939 titur.
1435 2920 1439 2932 .

255 2958 363 3006 Nec
407 2955 548 3006 unius
586 2952 806 3022 conjugis
847 2957 1142 3010 adulterium
1179 2959 1364 3009 tollitur
1405 2970 1488 3008 aut
1526 2976 1611 3008 ex-

1417 3036 1614 3076 cusatur
