1846 3250
607 131 705 182 DE
743 129 1242 187 MATRIMQNJO.
1532 134 1632 192 473

199 264 465 316 amicorum
523 280 636 314 cum
694 265 881 322 amiciS,
939 280 1222 314 communes
1278 269 1407 314 sunt.
1494 264 1630 314 Hinc

136 356 139 358 >
198 333 422 382 Christus
469 332 551 397 qui
599 332 661 381 de
711 332 1017 386 matrimonio
1054 333 1120 381 ibi
1157 343 1346 381 tantum
1394 333 1627 396 loquitur,

195 399 352 448 solum
410 400 704 450 adulterium
763 401 892 452 illius
938 401 1267 451 dissolutionis
1318 410 1515 449 causam
1566 401 1636 449 af-

197 465 309 514 fert.

210 574 215 577 ⁴
260 534 382 583 Inst.
421 534 474 583 S.-
512 534 846 600 Hieronymus
890 534 958 582 in⁴
982 535 1165 585 Matth.
1212 538 1289 583 19.
1325 534 1397 583 sic
1444 535 1627 585 habet:

195 602 355 651 Grave
406 603 591 666 pondus
644 621 837 653 uxorum
880 610 965 662 est,
1001 603 1044 652 si
1081 611 1271 667 excepta
1285 604 1632 667 fornicationis

195 685 336 717 causa
362 685 451 718 eas
484 671 718 720 dimittere
756 688 845 722 non
872 669 979 719 licet
1001 692 1020 721 .-
1056 671 1176 735 quz'd
1195 672 1317 718 enim
1341 671 1384 718 si
1407 670 1630 720 temulen-

196 742 245 784 ta
281 736 540 799 suerius-si
558 738 815 794 ,iracundas
850 738 892 787 si
926 736 1063 785 ”calis
1102 738 1327 797 moribus,
1361 738 1403 786 si
1443 737 1630 803 gulosa,

195 804 237 851 si
258 820 396 868 vaga,
433 806 629 853 tenenda
655 806 744 853 erit
769 805 1072 856 istiusmodi?
1120 803 1350 863 Volumus,
1398 806 1627 862 nolumus,

193 870 466 923 sustinenda
487 880 586 929 est,
620 889 722 922 cum
763 872 886 926 enim
923 888 1121 927 essemus
1143 871 1310 928 liberi,
1349 871 1631 924 voluntariae

197 953 280 986 nos
301 938 570 1003 subjecimus
591 940 822 988 servituti.
895 939 1045 1002 Ergo,
1083 943 1233 1000 Juxta
1259 939 1309 986 S.
1336 940 1629 995 Doctorem‚

194 1004 552 1053 matrimonium
583 1016 812 1069 ,propter
867 1007 1018 1062 solam
1079 1004 1469 1062 fornicationem,
1529 1022 1630 1054 non

194 1082 393 1134 propter
413 1072 529 1119 alias
555 1089 743 1132 causas,
779 1073 944 1138 quoad
968 1073 1163 1122 thorum
1200 1083 1251 1122 et
1276 1073 1629 1130 habitationem

194 1136 352 1186 dirimi
378 1149 556 1202 potest.
1533 1195 1537 1198 ,

260 1205 324 1253 R.
358 1207 466 1255 dist.
490 1224 784 1273 consequens.
852 1207 1009 1257 Juxta
1050 1207 1100 1256 S.
1127 1209 1418 1265 Doctorem‚
1460 1210 1627 1264 matri-,-

193 1272 407 1321 monium
433 1286 633 1339 propter
669 1276 828 1325 solam
860 1275 1249 1334 fornicationem,
1287 1293 1385 1324 non
1424 1289 1629 1340 propter

192 1340 309 1391 alias
362 1356 551 1400 causas,
575 1384 586 1388 ,γ
604 1343 767 1406 quoad
803 1343 1181 1401 habitationem,
1237 1343 1395 1393 dirimi
1443 1355 1624 1408 potest,

193 1407 390 1470 quando
415 1425 476 1462 ex
505 1410 868 1463 cohabitatione
893 1407 1026 1460 nulla
1066 1412 1240 1469 animae
1280 1423 1366 1462 aut
1405 1412 1624 1476 corporis

191 1473 414 1525 imminet
463 1476 618 1534 ruina,
666 1494 791 1528 conc.
843 1494 1003 1538 secus,
1055 1497 1161 1545 neg.
1252 1479 1627 1543 Separationem

192 1547 474 1607 conjug-um,
510 1544 566 1593 iis
602 1545 651 1592 in
700 1545 976 1600 casibusssin
1026 1547 1201 1610 quibus
1235 1547 1499 1611 spiritualis
1547 1548 1626 1596 vel

191 1610 459 1674 corporalis
499 1612 652 1661 ruinae
697 1613 976 1676 periculum
1009 1613 1246 1673 imminet,
1283 1613 1465 1663 licitam
1515 1629 1624 1662 esse

189 1676 421 1742 expresse
445 1677 597 1738 docet
617 1679 666 1743 in
693 1680 1055 1743 Commentario
1079 1697 1228 1747 super
1262 1693 1413 1747 caput
1439 1682 1623 1730 Matth-

194 1750 273 1796 18.
298 1763 342 1796 v.
367 1751 415 1797 9.
1622 1799 1625 1802 ⁴

258 1813 405 1868 Dices
430 1814 510 1863 2⁰·
550 1813 751 1862 Homini
787 1814 1050 1865 christiano
1091 1832 1188 1864 non
1226 1816 1346 1865 licet
1386 1816 1436 1864 id
1473 1828 1624 1881 agere

187 1882 318 1945 quod
342 1882 562 1946 gravium
597 1884 1061 1935 scelerumoccasio
1108 1884 1211 1933 fieri
1255 1894 1447 1948 potest:
1483 1886 1623 1949 atqui

191 1954 451 2013 conjugem
502 1949 765 2008 dimittere,
819 1968 1015 2015 quaqua
1040 1952 1245 2006 ‚ratione
1286 1952 1337 2007 id
1373 1952 1472 2010 fiat,
1510 1969 1622 2016 gra·-

188 2017 318 2065 vium
357 2019 595 2066 scelerum
628 2018 758 2085 parti
800 2019 1004 2067 dimissae
1041 2019 1236 2068 occasio
1284 2035 1391 2070 esse
1435 2032 1618 2084 potest,

189 2083 413 2132 nimirum
442 2113 444 2117 <
472 2085 886 2141 incontinent-iae„
950 2087 1002 2135 Si
1047 2088 1175 2140 enim
1236 2087 1366 2135 domi
1425 2088 1620 2152 sapiens

186 2166 292 2204 esse
329 2168 423 2201 non
451 2153 627 2218 potuit,
664 2164 847 2219 quanto
864 2154 1024 2208 minus
1049 2171 1163 2205 cum
1188 2156 1280 2204 erit
1305 2171 1334 2204 a
1357 2154 1460 2204 viro
1480 2172 1620 2219 sepa-

186 2219 331 2267 rata?
1098 2258 1104 2261 a
1170 2221 1173 2223 ’

253 2287 317 2335 R.
352 2287 460 2336 dist.
488 2290 598 2353 ητις).
634 2286 751 2338 Sine
798 2288 1111 2349 necessitate,
1146 2306 1273 2340 conc.
1311 2289 1361 2339 in
1407 2291 1621 2339 necessi-

185 2363 302 2410 tate,
337 2355 530 2403 subdist.
604 2355 653 2404 si
672 2357 735 2404 sit
760 2373 824 2405 ex
848 2373 902 2406 se
926 2368 978 2405 et
1010 2374 1074 2406 ex
1101 2368 1276 2406 natura
1309 2374 1398 2406 sua
1422 2360 1620 2421 peccati

184 2421 396 2478 occasio,
414 2435 563 2475 vconc:-
587 2422 625 2471 si
652 2439 741 2488 per
764 2423 996 2475 accidens
1020 2434 1071 2474 et
1095 2441 1168 2473 ex
1193 2441 1340 2488 prava
1364 2427 1617 2490 peccantis

185 2487 519 2552 dispositione,
569 2507 674 2554 neg.
759 2492 810 2541 Si
857 2491 1044 2540 licitum
1094 2501 1170 2541 est
1221 2493 1269 2539 in
1321 2494 1617 2544 necessitate

176 2559 517 2617 juramentum·
538 2557 759 2620 exigere,
796 2558 1016 2624 quamvis
1047 2559 1145 2608 hoc
1176 2559 1330 2623 possit
1366 2576 1429 2609 ex
1468 2577 1616 2624 prava

175 2623 386 2685 ⁸iurantis
411 2622 727 2687 dispositione
742 2626 1066 2689 perjuriorum
1083 2627 1277 2681 occasio
1291 2627 1417 2676 fieri.
1470 2628 1619 2682 Quod

186 2690 226 2736 si
251 2706 376 2738 uxor
400 2690 676 2745 dimissajn
698 2694 902 2758 aliquod
934 2695 1118 2748 crimen
1157 2705 1328 2759 postea
1369 2695 1615 2751 inciderit,

183 2756 234 2804 id
259 2755 410 2820 ipsius
436 2758 630 2811 malitiae
652 2760 879 2825 imputari
904 2761 1070 2820 debet,
1108 2779 1204 2812 non
1232 2763 1355 2827 parti
1381 2763 1616 2810 innocen-

187 2824 257 2880 ti;
293 2824 601 2874 cumsatius
630 2826 693 2877 sit
728 2838 782 2877 ut
818 2828 908 2877 sibi
949 2846 1061 2894 pars
1097 2829 1334 2879 innocens
1372 2830 1617 2885 consulat,

184 2905 328 2953 quam
355 2900 409 2939 ut
444 2907 557 2940 cum
591 2894 802 2961 propriae
824 2896 993 2946 salutis
1028 2897 1249 2962 periculo
1285 2897 1484 2953 alterius
1523 2897 1616 2951 uti-

182 2957 308 3007 litati.
328 2958 599 3024 provideat.

1537 3031 1617 3082 Ide
