1846 3250
272 155 368 203 194
614 118 619 124 ἃ
775 155 1203 219 'rRAc'rATUs

266 301 432 340 votum
472 289 726 339 emisisset.
794 291 873 340 Ita
903 292 1055 356 Hugo
1083 293 1377 351 Victorinus,
1429 295 1679 343 Bonaven-

264 371 389 416 tura,
419 358 614 417 Scotus,
642 356 823 419 Estius,
857 361 1043 409 Auctor
1069 362 1328 411 Tractatus
1354 362 1415 411 de
1441 380 1494 412 re
1518 378 1676 411 sacra-

264 426 516 477 mentaria·

335 493 443 542 Nec
467 487 600 542 dicas
624 503 789 542 votum
815 494 1048 545 castitatis
1084 468 1333 562 perpetuae
1362 499 1458 547 fine
1489 497 1678 562 nuptia·
1730 489 1735 493 ⁵

264 580 390 620 rum,
427 562 603 627 quiest
626 562 773 627 prolis
797 565 1060 629 susceptio,
1097 582 1387 649 repugnare.
1439 611 1442 618 ,

334 632 461 679 Nam
503 641 743 695 repugnat
767 641 955 679 tantum
994 634 1231 681 exercitio
1264 635 1385 697 juris
1427 633 1580 682 mutui
1624 633 1672 680 in

264 715 472 765 corpora
526 698 762 756 concessi,
817 699 1041 748 nimirum
1090 702 1418 763 conjunctioni
1477 701 1672 749 carnali.

264 769 336 816 At
361 767 715 816 matrimonium
753 777 916 830 potest
948 785 1053 817 esse
1078 769 1181 817 sine
1206 770 1288 818 illa
1328 769 1670 832 conjunctione

264 835 463 894 carnali,
500 851 610 883 cum
658 835 855 898 negatio
902 847 1040 885 actus
1089 838 1355 902 conjugalis
1392 854 1456 885 ex
1502 848 1672 884 mutuo

260 904 467 969 partium
494 918 736 952 consensu
762 903 895 951 licita
932 904 1008 953 sit.
1079 904 1261 953 Verum
1289 917 1539 971 perpetuae
1581 904 1672 952 vir-

259 971 475 1036 ginitatis
498 981 663 1019 votum
687 987 785 1018 non
825 982 1067 1036 repugnat
1109 983 1278 1022 mutuo
1307 975 1404 1037 juri
1428 974 1476 1021 in
1502 989 1674 1036 corpo-

257 1057 312 1089 ra
359 1055 607 1089 concesso.
693 1039 922 1092 Quinimo
960 1042 1120 1105 potuit
1167 1040 1669 1106 Virgosssseatissima,

258 1108 406 1157 etiam
431 1107 604 1155 emisso
627 1106 912 1169 virginitatis
947 1118 1077 1165 voto,
1115 1110 1333 1173 Josepho
1358 1109 1481 1157 'dare
1515 1114 1594 1169 jus
1620 1107 1667 1152 in

257 1192 435 1241 corpus
461 1192 600 1223 suum
626 1176 685 1235 ab
712 1175 840 1221 omni
861 1192 949 1224 usu
976 1187 1025 1224 et
1050 1187 1164 1224 actu
1207 1178 1447 1240 conjugali
1479 1181 1667 1237 sejunc-

255 1255 389 1300 tum;
424 1254 552 1291 stare
577 1241 736 1306 potuit
760 1242 887 1291 illius
912 1254 1077 1291 votum
1116 1261 1226 1291 cum
1252 1246 1387 1292 istius
1405 1244 1526 1306 juris
1551 1259 1664 1289 con-

254 1312 493 1368 cessione,
543 1327 653 1358 eum
702 1309 791 1357 soli
838 1312 994 1359 carnis
1037 1312 1368 1374 conjunctioni
1413 1320 1667 1375 repugnet.

254 1380 438 1430 Verum
471 1378 621 1442 igitur
644 1393 704 1426 ac
751 1376 993 1456 integrum
1032 1379 1125 1427 fuit
1160 1381 1329 1434 Mariae
1369 1379 1664 1442 conjugium,

251 1459 355 1497 tum
393 1459 593 1512 propter
631 1444 859 1494 unionem
898 1447 1163 1495 animarum
1205 1458 1306 1495 tum
1346 1459 1544 1512 propter
1582 1451 1662 1508 jus

250 1518 306 1568 in
339 1527 510 1564 mutua
550 1530 757 1578 corpora
798 1515 981 1572 datum,
1020 1516 1151 1578 quod
1187 1517 1381 1579 quidem
1420 1515 1662 1564 moraliter

251 1594 303 1634 et
338 1584 441 1632 sine
479 1593 687 1647 peccato
726 1582 788 1628 ad
812 1594 975 1631 actum
1014 1582 1184 1630 reduci
1208 1600 1302 1636 non
1330 1593 1537 1648 poterat,
1574 1581 1661 1630 sed

251 1652 383 1716 quod
407 1661 568 1698 tamen
604 1648 808 1714 physice
828 1660 876 1698 et
902 1651 1183 1698 naturaliter
1209 1653 1429 1701 exerceri
1455 1660 1662 1716 poterat,

248 1722 375 1769 adeo
413 1729 467 1767 ut
503 1723 735 1781 conjuges
779 1719 819 1765 si
856 1734 915 1765 eo
956 1718 1029 1765 usi
1051 1718 1275 1776 fuissent,
1311 1737 1404 1768 nec
1440 1718 1662 1774 adulteri,

247 1805 342 1838 nec
367 1802 537 1835 eorum
562 1786 643 1832 filii
669 1785 929 1834 adulterini
950 1785 1173 1833 fuissent.

318 1858 438 1906 Inst.
473 1854 622 1902 Multi
649 1854 818 1902 Patres
860 1854 1132 1901 docuerunt
1173 1855 1232 1901 B.
1263 1854 1469 1903 Mariam
1511 1854 1658 1903 fuisse

246 1935 433 1974 tantum
493 1921 697 1987 Josephi
742 1938 980 1986 sponsam,
1023 1938 1118 1967 non
1159 1923 1353 1987 proprie
1394 1928 1667 1985 conjugem,

245 1994 324 2043 vel
373 2007 593 2039 uxorem.
661 1990 738 2037 Ita
777 1989 954 2053 Epiph.
990 1988 1159 2045 liaeres.
1186 1993 1268 2042 78.
1303 2007 1346 2039 c.
1375 1994 1419 2038 8.
1455 1991 1661 2038 Hieron.

245 2061 296 2108 in
335 2077 379 2108 c.
422 2063 464 2107 l.
501 2057 742 2115 Matthaei,
804 2058 1055 2121 Chrysost.
1105 2059 1255 2107 Hom.
1290 2063 1337 2107 4.
1390 2058 1438 2106 in
1479 2059 1661 2107 Matth.

250 2130 402 2193 Ergo,
434 2131 524 2173 &c.

317 2199 380 2245 R.
405 2195 511 2243 dist.
548 2194 840 2241 Do‘cuerunt
882 2192 949 2239 B.
964 2191 1172 2240 Mariam
1220 2210 1315 2241 non
1357 2193 1505 2242 fuisse
1552 2210 1661 2270 pio-

247 2265 353 2330 prie
377 2261 578 2325 Josephi
606 2265 880 2323 conjugem,
908 2276 966 2306 eo
986 2277 1129 2307 sensu
1155 2262 1283 2323 quod
1305 2261 1659 2309 matrimonium

242 2350 346 2381 non
370 2328 805 2379 consummaverit:
843 2327 1049 2389 quodam
1077 2328 1203 2375 enim
1233 2327 1479 2403 strictiori,
1516 2345 1658 2375 sensu

188 2447 190 2450 .
244 2416 425 2450 uxores
450 2409 498 2447 et
523 2407 683 2459 nuptae
716 2396 869 2443 solum
896 2395 1124 2442 dicuntur
1165 2405 1272 2458 quae
1297 2396 1448 2442 virum
1487 2412 1657 2458 exper-

249 2480 312 2518 tae
336 2477 464 2523 sunt,
500 2481 623 2514 conc.
663 2481 722 2512 eo
764 2480 909 2512 sensu
944 2463 1076 2526 quod
1110 2479 1277 2511 verum
1303 2464 1657 2512 matrimonium

244 2554 363 2585 cum
409 2534 627 2597 Josepho
668 2548 763 2579 non
812 2530 1127 2585 contraxerit,
1179 2548 1282 2595 neg.
1352 2532 1555 2579 Constat
1592 2548 1656 2580 ex

249 2603 394 2653 dictis
430 2603 599 2650 Patres
642 2599 864 2647 docuisse
905 2615 1069 2647 verum
1116 2598 1265 2646 fuisse
1304 2598 1660 2650 matrimonium

247 2673 376 2721 inter
402 2670 457 2716 B.
484 2667 691 2715 Mariam
716 2677 766 2714 et
806 2666 1089 2729 Josephum.
1160 2667 1321 2724 Unde,
1360 2676 1469 2714 'cum
1495 2667 1657 2715 dixer-

248 2751 339 2789 unt
387 2739 444 2785 B.
469 2735 676 2783 Mariam
723 2751 819 2782 non
862 2734 1010 2781 fuisse
1058 2739 1313 2797 conjugem
1363 2736 1412 2783 S.
1435 2734 1653 2798 Josephi‚

241 2825 349 2860 non
373 2805 528 2881 ipsum
554 2802 924 2858 matrimonium,
950 2801 1037 2849 sed
1061 2802 1216 2849 solum
1237 2802 1523 2851 matrimonii
1543 2819 1657 2851 con-

244 2872 635 2926 summationem,
671 2869 735 2917 ad
781 2868 1212 2928 commendandam
1253 2870 1426 2919 Mariae
1465 2870 1657 2934 virgini-

252 2955 419 3001 tatem,
455 2938 721 2991 excludere
753 2937 990 2986 volerunt.
1557 2994 1624 3054 Ob

1533 3021 1539 3027 .
1608 3023 1658 3069 ¹]-
