<?xml version="1.0" encoding="UTF-8"?>
<!DOCTYPE html PUBLIC "-//W3C//DTD XHTML 1.0 Transitional//EN"
    "http://www.w3.org/TR/xhtml1/DTD/xhtml1-transitional.dtd">
<html xmlns="http://www.w3.org/1999/xhtml" xml:lang="en" lang="en">
 <head>
  <title>
</title>
<meta http-equiv="Content-Type" content="text/html;charset=utf-8" />
  <meta name='ocr-system' content='tesseract 3.04.00' />
  <meta name='ocr-capabilities' content='ocr_page ocr_carea ocr_par ocr_line ocrx_word'/>
</head>
<body>
  <div class='ocr_page' id='page_1' title='image "./theologica00bailuoft_0158.png"; bbox 0 0 1846 3250; ppageno 0'>
   <div class='ocr_carea' id='block_1_1' title="bbox 265 105 1195 191">
    <p class='ocr_par' dir='ltr' id='par_1_1' title="bbox 265 105 1195 191">
     <span class='ocr_line' id='line_1_1' title="bbox 265 105 1195 191; baseline 0.003 -3"><span class='ocrx_word' id='word_1_1' title='bbox 265 143 360 189; x_wconf 65' lang='lat'>154</span> <span class='ocrx_word' id='word_1_2' title='bbox 496 105 503 109; x_wconf 63' lang='grc'><strong><em>’</em></strong></span> <span class='ocrx_word' id='word_1_3' title='bbox 768 138 1195 191; x_wconf 84' lang='lat' dir='ltr'><strong>TRACTATUS</strong></span> 
     </span>
    </p>
   </div>
   <div class='ocr_carea' id='block_1_2' title="bbox 249 263 1664 1554">
    <p class='ocr_par' dir='ltr' id='par_1_2' title="bbox 253 263 1664 672">
     <span class='ocr_line' id='line_1_2' title="bbox 257 263 1664 330; baseline 0.006 -16"><span class='ocrx_word' id='word_1_4' title='bbox 257 263 625 315; x_wconf 79' lang='lat' dir='ltr'>ordinationem</span> <span class='ocrx_word' id='word_1_5' title='bbox 669 263 914 313; x_wconf 88' lang='lat' dir='ltr'>Fidelibus</span> <span class='ocrx_word' id='word_1_6' title='bbox 951 265 1245 330; x_wconf 82' lang='lat' dir='ltr'>dispensare.</span> <span class='ocrx_word' id='word_1_7' title='bbox 1314 269 1440 319; x_wconf 85' lang='lat' dir='ltr'>Haec</span> <span class='ocrx_word' id='word_1_8' title='bbox 1481 281 1531 320; x_wconf 85' lang='lat' dir='ltr'>et</span> <span class='ocrx_word' id='word_1_9' title='bbox 1572 274 1664 323; x_wconf 81' lang='lat' dir='ltr'>alia</span> 
     </span>
     <span class='ocr_line' id='line_1_3' title="bbox 257 333 1661 397; baseline 0.005 -14"><span class='ocrx_word' id='word_1_10' title='bbox 257 335 673 397; x_wconf 83' lang='lat' dir='ltr'>Praesbyterorum</span> <span class='ocrx_word' id='word_1_11' title='bbox 731 333 887 381; x_wconf 87' lang='lat' dir='ltr'>officia</span> <span class='ocrx_word' id='word_1_12' title='bbox 927 333 1012 382; x_wconf 90' lang='lat' dir='ltr'>-sic</span> <span class='ocrx_word' id='word_1_13' title='bbox 1076 334 1317 384; x_wconf 84' lang='lat' dir='ltr'>contrahit</span> <span class='ocrx_word' id='word_1_14' title='bbox 1374 338 1661 390; x_wconf 87' lang='lat' dir='ltr'>Pontificale</span> 
     </span>
     <span class='ocr_line' id='line_1_4' title="bbox 258 400 1662 473; baseline 0.006 -24"><span class='ocrx_word' id='word_1_15' title='bbox 258 403 549 450; x_wconf 84' lang='lat' dir='ltr'>Romanurn.</span> <span class='ocrx_word' id='word_1_16' title='bbox 633 401 839 466; x_wconf 80' lang='lat' dir='ltr'><strong><em>Oportet,</em></strong></span> <span class='ocrx_word' id='word_1_17' title='bbox 892 400 1062 464; x_wconf 89' lang='lat' dir='ltr'>inquit,</span> <span class='ocrx_word' id='word_1_18' title='bbox 1125 406 1431 463; x_wconf 79' lang='lat' dir='ltr'><strong><em>Sacerdotem,</em></strong></span> <span class='ocrx_word' id='word_1_19' title='bbox 1481 410 1662 473; x_wconf 73' lang='lat' dir='ltr'>cffirre,</span> 
     </span>
     <span class='ocr_line' id='line_1_5' title="bbox 255 469 1664 539; baseline 0.005 -21"><span class='ocrx_word' id='word_1_20' title='bbox 255 469 532 523; x_wconf 76' lang='lat' dir='ltr'>benedicere,</span> <span class='ocrx_word' id='word_1_21' title='bbox 555 485 768 534; x_wconf 75' lang='lat' dir='ltr'>prceesse,</span> <span class='ocrx_word' id='word_1_22' title='bbox 782 470 1059 534; x_wconf 75' lang='lat' dir='ltr'>proedicare,</span> <span class='ocrx_word' id='word_1_23' title='bbox 1084 470 1322 534; x_wconf 77' lang='lat' dir='ltr'>baptizare</span> <span class='ocrx_word' id='word_1_24' title='bbox 1391 474 1470 522; x_wconf 77' lang='lat' dir='ltr'>Ex</span> <span class='ocrx_word' id='word_1_25' title='bbox 1491 477 1664 539; x_wconf 83' lang='lat' dir='ltr'>quibus</span> 
     </span>
     <span class='ocr_line' id='line_1_6' title="bbox 255 536 1662 609; baseline 0.006 -25"><span class='ocrx_word' id='word_1_26' title='bbox 255 538 669 601; x_wconf 85' lang='lat' dir='ltr'>Praesbyterorum</span> <span class='ocrx_word' id='word_1_27' title='bbox 717 536 879 584; x_wconf 89' lang='lat' dir='ltr'>officiis</span> <span class='ocrx_word' id='word_1_28' title='bbox 918 539 1269 602; x_wconf 85' lang='lat' dir='ltr'>praesbyteralis</span> <span class='ocrx_word' id='word_1_29' title='bbox 1317 541 1513 602; x_wconf 85' lang='lat' dir='ltr'>Ordinis</span> <span class='ocrx_word' id='word_1_30' title='bbox 1557 544 1662 609; x_wconf 83' lang='lat' dir='ltr'>dig-</span> 
     </span>
     <span class='ocr_line' id='line_1_7' title="bbox 253 603 1368 672; baseline 0.004 -20"><span class='ocrx_word' id='word_1_31' title='bbox 253 605 391 661; x_wconf 85' lang='lat' dir='ltr'><strong>nitas,</strong></span> <span class='ocrx_word' id='word_1_32' title='bbox 428 603 722 653; x_wconf 84' lang='lat' dir='ltr'>excellentia</span> <span class='ocrx_word' id='word_1_33' title='bbox 740 615 790 653; x_wconf 90' lang='lat' dir='ltr'>et</span> <span class='ocrx_word' id='word_1_34' title='bbox 812 605 1041 653; x_wconf 85' lang='lat' dir='ltr'>sanctitas</span> <span class='ocrx_word' id='word_1_35' title='bbox 1064 606 1368 672; x_wconf 76' lang='lat' dir='ltr'>intelligitur.</span> 
     </span>
    </p>

    <p class='ocr_par' dir='ltr' id='par_1_3' title="bbox 249 673 1664 1554">
     <span class='ocr_line' id='line_1_8' title="bbox 319 673 1660 742; baseline 0.006 -21"><span class='ocrx_word' id='word_1_36' title='bbox 319 678 406 721; x_wconf 66' lang='lat'>40·</span> <span class='ocrx_word' id='word_1_37' title='bbox 438 674 583 722; x_wconf 77' lang='lat' dir='ltr'>Inter.</span> <span class='ocrx_word' id='word_1_38' title='bbox 614 673 942 737; x_wconf 81' lang='lat' dir='ltr'>Praesbyteros</span> <span class='ocrx_word' id='word_1_39' title='bbox 979 674 1057 721; x_wconf 84' lang='lat' dir='ltr'>alii</span> <span class='ocrx_word' id='word_1_40' title='bbox 1099 686 1210 723; x_wconf 90' lang='lat' dir='ltr'>sunt</span> <span class='ocrx_word' id='word_1_41' title='bbox 1256 677 1359 724; x_wconf 84' lang='lat' dir='ltr'>aliis</span> <span class='ocrx_word' id='word_1_42' title='bbox 1406 679 1559 742; x_wconf 83' lang='lat' dir='ltr'>gradu</span> <span class='ocrx_word' id='word_1_43' title='bbox 1600 696 1660 729; x_wconf 87' lang='lat' dir='ltr'>ac</span> 
     </span>
     <span class='ocr_line' id='line_1_9' title="bbox 250 739 1659 807; baseline 0.006 -20"><span class='ocrx_word' id='word_1_44' title='bbox 250 741 487 806; x_wconf 79' lang='lat' dir='ltr'>dignitate</span> <span class='ocrx_word' id='word_1_45' title='bbox 512 739 800 804; x_wconf 82' lang='lat' dir='ltr'>superiores,</span> <span class='ocrx_word' id='word_1_46' title='bbox 838 741 1004 804; x_wconf 81' lang='lat' dir='ltr'>quales</span> <span class='ocrx_word' id='word_1_47' title='bbox 1036 753 1147 790; x_wconf 85' lang='lat' dir='ltr'>sunt</span> <span class='ocrx_word' id='word_1_48' title='bbox 1173 744 1410 800; x_wconf 85' lang='lat' dir='ltr'>Abbates,</span> <span class='ocrx_word' id='word_1_49' title='bbox 1450 747 1659 807; x_wconf 87' lang='lat' dir='ltr'>Decani,</span> 
     </span>
     <span class='ocr_line' id='line_1_10' title="bbox 253 808 1660 874; baseline 0.004 -16"><span class='ocrx_word' id='word_1_50' title='bbox 253 808 502 866; x_wconf 86' lang='lat' dir='ltr'>Canonici,</span> <span class='ocrx_word' id='word_1_51' title='bbox 554 808 810 872; x_wconf 86' lang='lat' dir='ltr'>Theologi,</span> <span class='ocrx_word' id='word_1_52' title='bbox 864 809 1231 870; x_wconf 83' lang='lat' dir='ltr'>Poenitentiarii‚</span> <span class='ocrx_word' id='word_1_53' title='bbox 1292 814 1660 874; x_wconf 87' lang='lat' dir='ltr'>Archidiaconi,</span> 
     </span>
     <span class='ocr_line' id='line_1_11' title="bbox 252 875 1659 947; baseline 0.004 -22"><span class='ocrx_word' id='word_1_54' title='bbox 252 875 709 942; x_wconf 83' lang='lat' dir='ltr'>Archipraesbyteri,</span> <span class='ocrx_word' id='word_1_55' title='bbox 748 875 1009 933; x_wconf 85' lang='lat' dir='ltr'>Officiales,</span> <span class='ocrx_word' id='word_1_56' title='bbox 1035 878 1215 927; x_wconf 87' lang='lat' dir='ltr'>Vicarii</span> <span class='ocrx_word' id='word_1_57' title='bbox 1239 882 1491 943; x_wconf 85' lang='lat' dir='ltr'>generales</span> <span class='ocrx_word' id='word_1_58' title='bbox 1518 883 1659 947; x_wconf 90' lang='lat' dir='ltr'>Epis-</span> 
     </span>
     <span class='ocr_line' id='line_1_12' title="bbox 253 944 1664 1010; baseline 0.005 -16"><span class='ocrx_word' id='word_1_59' title='bbox 253 961 502 1010; x_wconf 84' lang='lat' dir='ltr'>coporum,</span> <span class='ocrx_word' id='word_1_60' title='bbox 540 960 744 1008; x_wconf 88' lang='lat' dir='ltr'>quorum</span> <span class='ocrx_word' id='word_1_61' title='bbox 774 949 885 1006; x_wconf 84' lang='lat' dir='ltr'>jura</span> <span class='ocrx_word' id='word_1_62' title='bbox 919 956 967 993; x_wconf 87' lang='lat' dir='ltr'>et</span> <span class='ocrx_word' id='word_1_63' title='bbox 1007 944 1282 996; x_wconf 88' lang='lat' dir='ltr'>functiones</span> <span class='ocrx_word' id='word_1_64' title='bbox 1324 949 1664 1007; x_wconf 85' lang='lat' dir='ltr'>describuntur</span> 
     </span>
     <span class='ocr_line' id='line_1_13' title="bbox 251 1013 1663 1068; baseline 0.004 -7"><span class='ocrx_word' id='word_1_65' title='bbox 251 1030 280 1061; x_wconf 84' lang='lat' dir='ltr'>a</span> <span class='ocrx_word' id='word_1_66' title='bbox 322 1013 612 1064; x_wconf 88' lang='lat' dir='ltr'>Canonistis.</span> <span class='ocrx_word' id='word_1_67' title='bbox 684 1013 920 1066; x_wconf 57' lang='lat' dir='ltr'>‚Quaedam</span> <span class='ocrx_word' id='word_1_68' title='bbox 961 1013 1009 1059; x_wconf 90' lang='lat' dir='ltr'>in</span> <span class='ocrx_word' id='word_1_69' title='bbox 1053 1014 1286 1063; x_wconf 84' lang='lat' dir='ltr'>Tractatu</span> <span class='ocrx_word' id='word_1_70' title='bbox 1329 1017 1390 1065; x_wconf 91' lang='lat' dir='ltr'>de</span> <span class='ocrx_word' id='word_1_71' title='bbox 1436 1018 1663 1068; x_wconf 85' lang='lat' dir='ltr'>Ecclesia</span> 
     </span>
     <span class='ocr_line' id='line_1_14' title="bbox 251 1080 1658 1150; baseline 0.004 -21"><span class='ocrx_word' id='word_1_72' title='bbox 251 1080 428 1130; x_wconf 81' lang='lat' dir='ltr'>Christi</span> <span class='ocrx_word' id='word_1_73' title='bbox 453 1092 570 1128; x_wconf 90' lang='lat' dir='ltr'>tom.</span> <span class='ocrx_word' id='word_1_74' title='bbox 596 1081 643 1126; x_wconf 73' lang='lat'>2.</span> <span class='ocrx_word' id='word_1_75' title='bbox 682 1091 804 1143; x_wconf 84' lang='lat' dir='ltr'>part.</span> <span class='ocrx_word' id='word_1_76' title='bbox 833 1084 879 1127; x_wconf 80' lang='lat'>3.</span> <span class='ocrx_word' id='word_1_77' title='bbox 917 1096 1020 1145; x_wconf 84' lang='lat' dir='ltr'>cap.</span> <span class='ocrx_word' id='word_1_78' title='bbox 1049 1083 1096 1128; x_wconf 78' lang='lat'>2.</span> <span class='ocrx_word' id='word_1_79' title='bbox 1135 1083 1196 1130; x_wconf 88' lang='lat' dir='ltr'>de</span> <span class='ocrx_word' id='word_1_80' title='bbox 1221 1083 1302 1131; x_wconf 87' lang='lat' dir='ltr'>illa</span> <span class='ocrx_word' id='word_1_81' title='bbox 1328 1084 1658 1150; x_wconf 85' lang='lat' dir='ltr'>Praesbytero-</span> 
     </span>
     <span class='ocr_line' id='line_1_15' title="bbox 254 1148 1659 1215; baseline 0.005 -19"><span class='ocrx_word' id='word_1_82' title='bbox 254 1167 360 1198; x_wconf 90' lang='lat' dir='ltr'>rum</span> <span class='ocrx_word' id='word_1_83' title='bbox 402 1148 711 1197; x_wconf 88' lang='lat' dir='ltr'>distinctione</span> <span class='ocrx_word' id='word_1_84' title='bbox 758 1148 1083 1206; x_wconf 88' lang='lat' dir='ltr'>disseruimus,</span> <span class='ocrx_word' id='word_1_85' title='bbox 1123 1150 1285 1215; x_wconf 87' lang='lat' dir='ltr'>ibique</span> <span class='ocrx_word' id='word_1_86' title='bbox 1326 1153 1659 1203; x_wconf 78' lang='lat' dir='ltr'>annotavimus</span> 
     </span>
     <span class='ocr_line' id='line_1_16' title="bbox 250 1216 1659 1280; baseline 0.004 -15"><span class='ocrx_word' id='word_1_87' title='bbox 250 1228 407 1266; x_wconf 83' lang='lat' dir='ltr'>totum</span> <span class='ocrx_word' id='word_1_88' title='bbox 431 1217 556 1265; x_wconf 85' lang='lat' dir='ltr'>inter</span> <span class='ocrx_word' id='word_1_89' title='bbox 581 1231 663 1264; x_wconf 92' lang='lat' dir='ltr'>eos</span> <span class='ocrx_word' id='word_1_90' title='bbox 701 1232 867 1264; x_wconf 91' lang='lat' dir='ltr'>omnes</span> <span class='ocrx_word' id='word_1_91' title='bbox 893 1216 1150 1265; x_wconf 83' lang='lat' dir='ltr'>discrimen</span> <span class='ocrx_word' id='word_1_92' title='bbox 1180 1223 1291 1280; x_wconf 89' lang='lat' dir='ltr'>jure</span> <span class='ocrx_word' id='word_1_93' title='bbox 1326 1221 1659 1270; x_wconf 86' lang='lat' dir='ltr'>ecclesiastico</span> 
     </span>
     <span class='ocr_line' id='line_1_17' title="bbox 249 1284 1657 1338; baseline 0.005 -7"><span class='ocrx_word' id='word_1_94' title='bbox 249 1285 581 1333; x_wconf 81' lang='lat' dir='ltr'>introductum</span> <span class='ocrx_word' id='word_1_95' title='bbox 607 1299 727 1332; x_wconf 84' lang='lat' dir='ltr'>esse.</span> <span class='ocrx_word' id='word_1_96' title='bbox 798 1285 869 1332; x_wconf 89' lang='lat' dir='ltr'>At</span> <span class='ocrx_word' id='word_1_97' title='bbox 889 1284 1068 1333; x_wconf 88' lang='lat' dir='ltr'>ibidem</span> <span class='ocrx_word' id='word_1_98' title='bbox 1106 1286 1404 1336; x_wconf 88' lang='lat' dir='ltr'>ostendimus</span> <span class='ocrx_word' id='word_1_99' title='bbox 1431 1288 1566 1337; x_wconf 87' lang='lat' dir='ltr'>aliter</span> <span class='ocrx_word' id='word_1_100' title='bbox 1594 1290 1657 1338; x_wconf 91' lang='lat' dir='ltr'>de</span> 
     </span>
     <span class='ocr_line' id='line_1_18' title="bbox 252 1351 1658 1418; baseline 0.002 -17"><span class='ocrx_word' id='word_1_101' title='bbox 252 1351 484 1401; x_wconf 75' lang='lat' dir='ltr'>Parochis</span> <span class='ocrx_word' id='word_1_102' title='bbox 510 1368 614 1401; x_wconf 84' lang='lat' dir='ltr'>esse</span> <span class='ocrx_word' id='word_1_103' title='bbox 639 1351 963 1410; x_wconf 87' lang='lat' dir='ltr'>sentiendum,</span> <span class='ocrx_word' id='word_1_104' title='bbox 1001 1351 1305 1418; x_wconf 81' lang='lat' dir='ltr'>divinamque</span> <span class='ocrx_word' id='word_1_105' title='bbox 1345 1372 1449 1404; x_wconf 89' lang='lat' dir='ltr'>esse</span> <span class='ocrx_word' id='word_1_106' title='bbox 1493 1372 1658 1405; x_wconf 82' lang='lat' dir='ltr'>eorum</span> 
     </span>
     <span class='ocr_line' id='line_1_19' title="bbox 252 1419 1663 1488; baseline 0.004 -20"><span class='ocrx_word' id='word_1_107' title='bbox 252 1421 484 1485; x_wconf 85' lang='lat' dir='ltr'>originem</span> <span class='ocrx_word' id='word_1_108' title='bbox 511 1436 569 1469; x_wconf 88' lang='lat' dir='ltr'>ac</span> <span class='ocrx_word' id='word_1_109' title='bbox 592 1419 961 1470; x_wconf 84' lang='lat' dir='ltr'>institutionem.</span> <span class='ocrx_word' id='word_1_110' title='bbox 1034 1421 1230 1470; x_wconf 88' lang='lat' dir='ltr'>Consuli</span> <span class='ocrx_word' id='word_1_111' title='bbox 1251 1436 1448 1487; x_wconf 88' lang='lat' dir='ltr'>possunt</span> <span class='ocrx_word' id='word_1_112' title='bbox 1473 1440 1531 1472; x_wconf 81' lang='lat' dir='ltr'>ea</span> <span class='ocrx_word' id='word_1_113' title='bbox 1555 1442 1663 1488; x_wconf 77' lang='lat' dir='ltr'>quae</span> 
     </span>
     <span class='ocr_line' id='line_1_20' title="bbox 251 1487 1178 1554; baseline 0 -17"><span class='ocrx_word' id='word_1_114' title='bbox 251 1506 281 1537; x_wconf 82' lang='lat' dir='ltr'>a</span> <span class='ocrx_word' id='word_1_115' title='bbox 302 1488 441 1538; x_wconf 89' lang='lat' dir='ltr'>nobis</span> <span class='ocrx_word' id='word_1_116' title='bbox 463 1488 513 1536; x_wconf 89' lang='lat' dir='ltr'>in</span> <span class='ocrx_word' id='word_1_117' title='bbox 536 1488 737 1554; x_wconf 77' lang='lat' dir='ltr'>praefato</span> <span class='ocrx_word' id='word_1_118' title='bbox 757 1489 866 1535; x_wconf 91' lang='lat' dir='ltr'>loco</span> <span class='ocrx_word' id='word_1_119' title='bbox 894 1487 1026 1536; x_wconf 85' lang='lat' dir='ltr'>dicta</span> <span class='ocrx_word' id='word_1_120' title='bbox 1050 1501 1178 1538; x_wconf 89' lang='lat' dir='ltr'>sunt.</span> 
     </span>
    </p>
   </div>
   <div class='ocr_carea' id='block_1_3' title="bbox 700 1623 1210 1824">
    <p class='ocr_par' dir='ltr' id='par_1_4' title="bbox 700 1623 1210 1824">
     <span class='ocr_line' id='line_1_21' title="bbox 700 1623 1210 1673; baseline 0.004 -4"><span class='ocrx_word' id='word_1_121' title='bbox 700 1623 1108 1673; x_wconf 90' lang='lat' dir='ltr'>ARTICULUS</span> <span class='ocrx_word' id='word_1_122' title='bbox 1145 1625 1210 1672; x_wconf 92' lang='lat' dir='ltr'>II.</span> 
     </span>
     <span class='ocr_line' id='line_1_22' title="bbox 744 1759 1157 1824; baseline 0.002 -18"><span class='ocrx_word' id='word_1_123' title='bbox 744 1759 825 1808; x_wconf 80' lang='lat' dir='ltr'>De</span> <span class='ocrx_word' id='word_1_124' title='bbox 859 1759 1157 1824; x_wconf 75' lang='lat' dir='ltr'>Episcopatu.</span> 
     </span>
    </p>
   </div>
   <div class='ocr_carea' id='block_1_4' title="bbox 252 1893 1663 2298">
    <p class='ocr_par' dir='ltr' id='par_1_5' title="bbox 252 1893 1663 2298">
     <span class='ocr_line' id='line_1_23' title="bbox 321 1893 1656 1960; baseline 0.001 -16"><span class='ocrx_word' id='word_1_125' title='bbox 321 1895 575 1944; x_wconf 83' lang='lat' dir='ltr'>Disserere</span> <span class='ocrx_word' id='word_1_126' title='bbox 598 1894 760 1942; x_wconf 87' lang='lat' dir='ltr'>solunt</span> <span class='ocrx_word' id='word_1_127' title='bbox 779 1893 1018 1958; x_wconf 82' lang='lat' dir='ltr'>Theologi</span> <span class='ocrx_word' id='word_1_128' title='bbox 1042 1894 1104 1943; x_wconf 92' lang='lat' dir='ltr'>de</span> <span class='ocrx_word' id='word_1_129' title='bbox 1120 1895 1426 1960; x_wconf 77' lang='lat' dir='ltr'>episcopatus</span> <span class='ocrx_word' id='word_1_130' title='bbox 1445 1896 1656 1955; x_wconf 85' lang='lat' dir='ltr'>nomine,</span> 
     </span>
     <span class='ocr_line' id='line_1_24' title="bbox 256 1962 1658 2023; baseline 0.002 -12"><span class='ocrx_word' id='word_1_131' title='bbox 256 1978 442 2017; x_wconf 82' lang='lat' dir='ltr'>natura,</span> <span class='ocrx_word' id='word_1_132' title='bbox 502 1962 776 2021; x_wconf 80' lang='lat' dir='ltr'>existentia,</span> <span class='ocrx_word' id='word_1_133' title='bbox 841 1962 1147 2020; x_wconf 86' lang='lat' dir='ltr'>necessitate,</span> <span class='ocrx_word' id='word_1_134' title='bbox 1216 1964 1431 2018; x_wconf 81' lang='lat' dir='ltr'>materia,</span> <span class='ocrx_word' id='word_1_135' title='bbox 1487 1964 1658 2023; x_wconf 81' lang='lat' dir='ltr'>forma,</span> 
     </span>
     <span class='ocr_line' id='line_1_25' title="bbox 255 2031 1661 2098; baseline 0.001 -18"><span class='ocrx_word' id='word_1_136' title='bbox 255 2032 500 2088; x_wconf 83' lang='lat' dir='ltr'>Ministro,</span> <span class='ocrx_word' id='word_1_137' title='bbox 537 2031 775 2094; x_wconf 89' lang='lat' dir='ltr'>subjecto,</span> <span class='ocrx_word' id='word_1_138' title='bbox 813 2031 1175 2093; x_wconf 72' lang='lat' dir='ltr'>praeeminentia</span> <span class='ocrx_word' id='word_1_139' title='bbox 1197 2047 1341 2095; x_wconf 84' lang='lat' dir='ltr'>supra</span> <span class='ocrx_word' id='word_1_140' title='bbox 1388 2033 1661 2098; x_wconf 87' lang='lat' dir='ltr'>Praesbyte-</span> 
     </span>
     <span class='ocr_line' id='line_1_26' title="bbox 255 2097 1658 2165; baseline 0.003 -20"><span class='ocrx_word' id='word_1_141' title='bbox 255 2116 350 2155; x_wconf 82' lang='lat' dir='ltr'>ros,</span> <span class='ocrx_word' id='word_1_142' title='bbox 387 2097 730 2162; x_wconf 65' lang='lat' dir='ltr'>praerogativis,</span> <span class='ocrx_word' id='word_1_143' title='bbox 767 2098 948 2155; x_wconf 84' lang='lat' dir='ltr'>officiis,</span> <span class='ocrx_word' id='word_1_144' title='bbox 985 2100 1230 2162; x_wconf 84' lang='lat' dir='ltr'>gradibus,</span> <span class='ocrx_word' id='word_1_145' title='bbox 1259 2100 1514 2156; x_wconf 86' lang='lat' dir='ltr'>electione,</span> <span class='ocrx_word' id='word_1_146' title='bbox 1554 2102 1658 2165; x_wconf 90' lang='lat' dir='ltr'>qui-</span> 
     </span>
     <span class='ocr_line' id='line_1_27' title="bbox 253 2165 1663 2232; baseline 0.001 -18"><span class='ocrx_word' id='word_1_147' title='bbox 253 2169 344 2214; x_wconf 86' lang='lat' dir='ltr'>bus</span> <span class='ocrx_word' id='word_1_148' title='bbox 391 2166 610 2215; x_wconf 84' lang='lat' dir='ltr'>omnibus</span> <span class='ocrx_word' id='word_1_149' title='bbox 656 2165 886 2213; x_wconf 83' lang='lat' dir='ltr'>nonnulla</span> <span class='ocrx_word' id='word_1_150' title='bbox 932 2166 994 2214; x_wconf 88' lang='lat' dir='ltr'>de</span> <span class='ocrx_word' id='word_1_151' title='bbox 1044 2167 1416 2232; x_wconf 84' lang='lat' dir='ltr'>Chorepiscopis</span> <span class='ocrx_word' id='word_1_152' title='bbox 1461 2170 1663 2230; x_wconf 79' lang='lat' dir='ltr'>subjun-·</span> 
     </span>
     <span class='ocr_line' id='line_1_28' title="bbox 252 2250 437 2298; baseline -0.016 -15"><span class='ocrx_word' id='word_1_153' title='bbox 252 2250 437 2298; x_wconf 81' lang='lat' dir='ltr'>gemus.</span> 
     </span>
    </p>
   </div>
   <div class='ocr_carea' id='block_1_5' title="bbox 573 2368 1340 2434">
    <p class='ocr_par' dir='ltr' id='par_1_6' title="bbox 573 2368 1340 2434">
     <span class='ocr_line' id='line_1_29' title="bbox 573 2368 1340 2434; baseline 0 -19"><span class='ocrx_word' id='word_1_154' title='bbox 573 2369 598 2431; x_wconf 58' lang='grc' dir='ltr'><em>ᾗ</em></span> <span class='ocrx_word' id='word_1_155' title='bbox 643 2372 684 2415; x_wconf 93' lang='grc'>1.</span> <span class='ocrx_word' id='word_1_156' title='bbox 708 2371 800 2420; x_wconf 64' lang='lat' dir='ltr'>,De</span> <span class='ocrx_word' id='word_1_157' title='bbox 824 2370 1001 2418; x_wconf 82' lang='lat' dir='ltr'>nomine</span> <span class='ocrx_word' id='word_1_158' title='bbox 1025 2368 1340 2434; x_wconf 67' lang='lat' dir='ltr'>Episcopatus.</span> 
     </span>
    </p>
   </div>
   <div class='ocr_carea' id='block_1_6' title="bbox 257 2502 1661 3024">
    <p class='ocr_par' dir='ltr' id='par_1_7' title="bbox 257 2502 1661 2839">
     <span class='ocr_line' id='line_1_30' title="bbox 329 2502 1659 2569; baseline 0.002 -17"><span class='ocrx_word' id='word_1_159' title='bbox 329 2510 405 2552; x_wconf 81' lang='lat'>10·</span> <span class='ocrx_word' id='word_1_160' title='bbox 452 2503 686 2569; x_wconf 86' lang='lat' dir='ltr'>Episcopi</span> <span class='ocrx_word' id='word_1_161' title='bbox 709 2519 884 2552; x_wconf 88' lang='lat' dir='ltr'>nornen</span> <span class='ocrx_word' id='word_1_162' title='bbox 922 2502 1215 2568; x_wconf 86' lang='lat' dir='ltr'>etymologia</span> <span class='ocrx_word' id='word_1_163' title='bbox 1244 2503 1456 2567; x_wconf 84' lang='lat' dir='ltr'>graecum</span> <span class='ocrx_word' id='word_1_164' title='bbox 1482 2515 1572 2564; x_wconf 86' lang='lat' dir='ltr'>est,</span> <span class='ocrx_word' id='word_1_165' title='bbox 1610 2517 1659 2555; x_wconf 90' lang='lat' dir='ltr'>et</span> 
     </span>
     <span class='ocr_line' id='line_1_31' title="bbox 257 2572 1660 2637; baseline 0.001 -17"><span class='ocrx_word' id='word_1_166' title='bbox 257 2575 589 2637; x_wconf 86' lang='lat' dir='ltr'>Inspectorem</span> <span class='ocrx_word' id='word_1_167' title='bbox 642 2587 729 2620; x_wconf 83' lang='lat' dir='ltr'>seu</span> <span class='ocrx_word' id='word_1_168' title='bbox 784 2572 1145 2636; x_wconf 82' lang='lat' dir='ltr'>Speculatorem</span> <span class='ocrx_word' id='word_1_169' title='bbox 1192 2583 1347 2619; x_wconf 85' lang='lat' dir='ltr'>sonat.</span> <span class='ocrx_word' id='word_1_170' title='bbox 1411 2573 1552 2623; x_wconf 89' lang='lat' dir='ltr'>Unde</span> <span class='ocrx_word' id='word_1_171' title='bbox 1592 2575 1660 2623; x_wconf 84' lang='lat' dir='ltr'>ait</span> 
     </span>
     <span class='ocr_line' id='line_1_32' title="bbox 263 2638 1660 2706; baseline 0.001 -18"><span class='ocrx_word' id='word_1_172' title='bbox 263 2643 311 2688; x_wconf 89' lang='lat' dir='ltr'>S.</span> <span class='ocrx_word' id='word_1_173' title='bbox 363 2643 495 2703; x_wconf 86' lang='lat' dir='ltr'>Aug.</span> <span class='ocrx_word' id='word_1_174' title='bbox 534 2640 582 2686; x_wconf 89' lang='lat' dir='ltr'>in</span> <span class='ocrx_word' id='word_1_175' title='bbox 622 2639 797 2687; x_wconf 86' lang='lat' dir='ltr'>Psalm.</span> <span class='ocrx_word' id='word_1_176' title='bbox 842 2642 950 2695; x_wconf 70' lang='lat'>126.</span> <span class='ocrx_word' id='word_1_177' title='bbox 1037 2638 1190 2687; x_wconf 82' lang='lat' dir='ltr'>Altior</span> <span class='ocrx_word' id='word_1_178' title='bbox 1226 2638 1346 2688; x_wconf 83' lang='lat' dir='ltr'>locus</span> <span class='ocrx_word' id='word_1_179' title='bbox 1382 2642 1557 2706; x_wconf 71' lang='lat' dir='ltr'>positus</span> <span class='ocrx_word' id='word_1_180' title='bbox 1593 2650 1660 2690; x_wconf 77' lang='lat' dir='ltr'>est</span> 
     </span>
     <span class='ocr_line' id='line_1_33' title="bbox 258 2705 1661 2772; baseline 0.001 -15"><span class='ocrx_word' id='word_1_181' title='bbox 258 2708 515 2771; x_wconf 77' lang='lat' dir='ltr'>Episcopis,</span> <span class='ocrx_word' id='word_1_182' title='bbox 554 2714 608 2755; x_wconf 67' lang='grc' dir='ltr'>αι’</span> <span class='ocrx_word' id='word_1_183' title='bbox 643 2706 762 2756; x_wconf 80' lang='lat' dir='ltr'>velut</span> <span class='ocrx_word' id='word_1_184' title='bbox 804 2709 852 2755; x_wconf 81' lang='lat' dir='ltr'>in</span> <span class='ocrx_word' id='word_1_185' title='bbox 886 2705 1065 2772; x_wconf 76' lang='lat' dir='ltr'>specula</span> <span class='ocrx_word' id='word_1_186' title='bbox 1104 2707 1341 2756; x_wconf 79' lang='lat' dir='ltr'>constituti</span> <span class='ocrx_word' id='word_1_187' title='bbox 1374 2709 1661 2772; x_wconf 74' lang='lat' dir='ltr'>superinten-</span> 
     </span>
     <span class='ocr_line' id='line_1_34' title="bbox 259 2773 990 2839; baseline -0.001 -15"><span class='ocrx_word' id='word_1_188' title='bbox 259 2778 373 2823; x_wconf 78' lang='lat' dir='ltr'>dant</span> <span class='ocrx_word' id='word_1_189' title='bbox 396 2784 438 2822; x_wconf 80' lang='lat' dir='ltr'>et</span> <span class='ocrx_word' id='word_1_190' title='bbox 465 2774 722 2822; x_wconf 77' lang='lat' dir='ltr'>custodiant</span> <span class='ocrx_word' id='word_1_191' title='bbox 745 2773 990 2839; x_wconf 80' lang='lat' dir='ltr'>Populum.</span> 
     </span>
    </p>

    <p class='ocr_par' dir='ltr' id='par_1_8' title="bbox 261 2840 1659 3022">
     <span class='ocr_line' id='line_1_35' title="bbox 325 2840 1657 2909; baseline 0 -20"><span class='ocrx_word' id='word_1_192' title='bbox 325 2845 421 2898; x_wconf 54' lang='lat'>20„</span> <span class='ocrx_word' id='word_1_193' title='bbox 440 2840 671 2905; x_wconf 83' lang='lat' dir='ltr'>Episcopi</span> <span class='ocrx_word' id='word_1_194' title='bbox 696 2841 744 2888; x_wconf 89' lang='lat' dir='ltr'>in</span> <span class='ocrx_word' id='word_1_195' title='bbox 772 2840 1031 2905; x_wconf 87' lang='lat' dir='ltr'>Scripturis</span> <span class='ocrx_word' id='word_1_196' title='bbox 1071 2840 1321 2891; x_wconf 83' lang='lat' dir='ltr'>interdum</span> <span class='ocrx_word' id='word_1_197' title='bbox 1354 2842 1657 2909; x_wconf 76' lang='lat' dir='ltr'>appellantur</span> 
     </span>
     <span class='ocr_line' id='line_1_36' title="bbox 261 2908 1659 3022; baseline -0.003 -63"><span class='ocrx_word' id='word_1_198' title='bbox 261 2909 564 2975; x_wconf 79' lang='lat' dir='ltr'>Praesbyteri.</span> <span class='ocrx_word' id='word_1_199' title='bbox 658 2908 850 2959; x_wconf 87' lang='lat' dir='ltr'>Nomen</span> <span class='ocrx_word' id='word_1_200' title='bbox 894 2908 1031 2971; x_wconf 85' lang='lat' dir='ltr'>illud,</span> <span class='ocrx_word' id='word_1_201' title='bbox 1078 2909 1363 2976; x_wconf 68' lang='lat' dir='ltr'>Praesbyter,</span> <span class='ocrx_word' id='word_1_202' title='bbox 1402 2910 1659 3022; x_wconf 51' lang='lat' dir='ltr'>Episcopi?</span> 
     </span>
    </p>

    <p class='ocr_par' dir='ltr' id='par_1_9' title="bbox 1511 2992 1632 3024">
     <span class='ocr_line' id='line_1_37' title="bbox 1511 2992 1632 3024; baseline -0.008 0"><span class='ocrx_word' id='word_1_203' title='bbox 1511 2992 1632 3024; x_wconf 79' lang='lat' dir='ltr'>simu</span> 
     </span>
    </p>
   </div>
  </div>
 </body>
</html>
