1846 3250
507 154 606 208 DE
643 138 1145 206 MATRIMONIO.
1445 147 1570 202 493*

111 288 248 339 mari.
341 289 489 339 Unde
531 299 761 356 tanquam
797 288 1134 346 scandalosam,
1169 304 1427 347 erroneam,
1472 288 1546 338 in·

92 359 300 424 fandis
306 356 563 413 homicidiis
618 366 664 410 et
714 358 991 424 parricidiis
1036 357 1356 421 procurandis
1388 364 1547 422 aptam

116 436 228 489 post
260 425 435 473 Innoc.
475 426 565 473 XI.
637 426 810 474 Clerus
853 425 1142 474 Gallicanus
1179 423 1428 472 damnavit
1472 441 1549 474 se-

117 502 349 555 quentem
408 493 659 555 cujusdam
717 493 918 541 laxioris
967 492 1204 541 Casuistae
1259 491 1554 556 propositio-

118 574 265 609 nem:
313 561 504 609 Videtur
549 560 788 625 probabile
822 577 997 609 omnem
1011 562 1209 625 foetum,
1259 560 1465 624 quandiu
1500 560 1552 609 in

120 635 252 676 utero
286 636 369 686 est,
406 645 567 677 carere
600 629 760 677 anima
795 627 1035 684 rationali,
1087 635 1131 676 et
1183 634 1294 675 tunc
1348 628 1551 692 primum

119 694 326 760 incipere
359 712 459 744 eam
493 695 678 751 habere,
715 713 816 745 cum
840 735 843 737 .
870 696 1077 762 paritur,
1126 712 1181 743 oc
1227 703 1555 761 consequenter

122 762 363 811 dicendum
389 764 438 810 in
463 763 593 811 nullo
616 763 781 811 abortu
804 763 1096 815 homicidium
1120 762 1363 810 committi*

195 829 247 877 Si
282 846 399 877 vero
433 828 583 878 foetus
618 830 678 877 sit
713 830 1021 892 inanimatus,
1057 829 1105 876 in
1141 829 1303 891 rigore
1350 828 1557 894 physico

121 895 370 945 homicida
404 914 501 945 non
538 907 611 945 est
649 897 729 960 qui
764 897 893 944 illius
929 898 1152 950 abortum
1195 907 1443 960 procurat,
1475 899 1554 946 vel

126 965 333 1027 impedit
367 981 430 1012 ne
465 974 725 1020 nascatur3
779 964 892 1028 quia
925 964 1170 1011 hominem
1209 980 1303 1011 non
1355 963 1556 1011 occidit.

129 1031 258 1079 Eum
294 1043 457 1079 tamen
485 1032 759 1080 Homicidae
798 1032 1063 1084 assimilant
1103 1030 1346 1079 Ecclesiae
1387 1031 1561 1081 Patres

124 1098 313 1162 virique
349 1099 482 1147 docti
518 1110 569 1147 et
603 1099 865 1163 sapientes,
903 1099 1017 1162 quia
1069 1099 1108 1145 si
1166 1099 1413 1146 hominem
1462 1115 1561 1147 non

130 1166 330 1223 occidit,
367 1168 539 1214 saltem
574 1166 779 1230 impedit
812 1167 1031 1214 futurum
1068 1165 1315 1214 hominem
1358 1182 1417 1214 ac
1450 1183 1563 1231 pro·

130 1233 247 1282 inde
283 1233 466 1282 crimen
495 1234 755 1283 committit
791 1234 925 1298 quod
961 1234 1023 1282 ad
1042 1233 1359 1287 homicidium
1396 1234 1562 1298 aliquo

130 1315 276 1349 sensu
319 1301 601 1359 reducitur:
664 1302 926 1351 Homicidii
961 1302 1221 1367 festinatio
1277 1309 1360 1360 est,
1408 1303 1566 1364 inquit

133 1368 465 1418 Tertullianus
518 1371 666 1433 Apol.
715 1374 760 1419 9.
815 1369 1063 1433 prohibere
1110 1369 1268 1418 nasci:
1305 1387 1388 1419 nec
1422 1374 1568 1435 refert

133 1444 293 1484 natam
325 1437 426 1502 quis
468 1438 636 1503 eripiat
674 1438 892 1494 animam,
929 1454 993 1485 an
1031 1445 1289 1486 nascentem
1325 1437 1569 1487 disturbet.

137 1503 389 1567 Quidquid
427 1504 503 1561 sit,
543 1516 730 1552 certum
769 1515 844 1552 est
892 1504 1159 1569 gravissimi
1211 1504 1413 1552 sceleris
1459 1520 1569 1554 reos

138 1587 245 1619 esse
281 1572 361 1634 qui
396 1572 544 1619 foetus
582 1573 726 1620 etiam
763 1571 1027 1629 inanimati,
1066 1573 1418 1635 vquoquomodo
1465 1573 1569 1630 fiat,

136 1639 359 1686 abortum
420 1651 702 1703 procurant,
758 1640 835 1695 vel
894 1639 1167 1703 impediunt
1214 1655 1278 1685 ne
1326 1650 1608 1686 nascatur-‚e

139 1706 287 1761 Unde
322 1705 506 1755 crimen
542 1706 672 1753 istud
699 1706 916 1766 Legibus
965 1706 1187 1752 civilibus
1222 1719 1281 1750 ac
1325 1704 1573 1753 canonicis

138 1773 228 1830 sub
266 1772 422 1835 paenis
459 1771 751 1834 gravissimis
789 1771 993 1819 vetitum
1032 1780 1121 1819 est.
1215 1770 1350 1819 Hinc
1399 1771 1574 1820 merito

141 1839 315 1888 Clerus
362 1839 644 1893 Gallicanus
693 1847 805 1902 post
863 1839 1035 1885 Innoc.
1071 1838 1166 1885 XI.
1201 1853 1262 1885 an
1315 1840 1462 1890 1700.
1500 1856 1575 1888 se·

143 1916 374 1970 quentem
406 1905 663 1960 ‘damnavit
705 1905 1120 1969 propositionen1;
1157 1906 1291 1954 Licet
1314 1923 1580 1970 procurare

142 1973 375 2030 obortum,
404 1991 460 2021 ne
477 1972 635 2040 puella
678 1973 960 2039 deprehensa
997 1973 1201 2042 gravida
1236 1973 1474 2023 occidatur
1497 1982 1578 2023 aul

142 2042 412 2103 infametur.

218 2107 411 2162 Quaeres
450 2111 530 2155 40·
567 2123 627 2157 an
680 2107 828 2156 liceat
886 2106 1092 2156 Medico
1139 2108 1289 2155 foetus
1335 2109 1578 2166 abortum,

147 2173 375 2223 adhibitis
412 2176 654 2233 remediis,
693 2191 974 2239 procurare,
1017 2176 1056 2223 si
1089 2186 1290 2239 propter
1325 2176 1500 2223 foetum
1532 2175 1582 2223 in

147 2252 291 2289 utero
327 2254 613 2291 contentum
649 2243 823 2291 mulier
858 2259 1108 2306 praegnans
1146 2243 1209 2290 de
1254 2243 1352 2291 vita
1391 2243 1586 2307 pericli-

150 2319 323 2367 tetur,
335 2324 428 2358 nec
463 2309 596 2358 aliud
631 2319 860 2396 suppetat
896 2310 959 2359 ad
1002 2311 1257 2359 mulierem
1305 2310 1586 2387 salvandam

148 2376 458 2425 remedium?

220 2447 504 2522 Antequam
555 2444 954 2509 respondeamus,
1008 2444 1278 2492 notandum
1315 2454 1402 2493 est
1443 2445 1587 2493 abor-

155 2522 257 2558 tum
281 2511 468 2560 intendi
492 2529 638 2576 posse
661 2512 737 2561 vel
766 2511 953 2560 directe
976 2513 1054 2560 vel
1079 2512 1334 2562 indis-ecte
1380 2512 1587 2561 Directe

156 2577 372 2641 quidem,
408 2589 463 2627 ut
487 2579 526 2628 si
550 2579 724 2627 mulier
746 2580 996 2643 potionem
1021 2590 1179 2627 sumat
1199 2595 1259 2627 eo
1278 2580 1376 2629 fine
1405 2591 1456 2629 ut
1476 2596 1588 2644 pro·

155 2646 252 2693 lem
288 2661 353 2695 ex
389 2658 530 2694 utero
566 2663 654 2694 suo
690 2647 867 2710 ejiciat.
957 2646 1224 2704 Indirecte,
1285 2658 1340 2695 ut
1391 2647 1430 2695 si
1467 2647 1587 2711 quid

154 2711 305 2761 saciat
328 2724 529 2778 propter
553 2715 764 2779 aliquem
788 2715 933 2761 finem
959 2716 1159 2771 bonum,
1185 2730 1231 2761 v.
1258 2732 1307 2778 g.
1331 2716 1402 2763 ad
1412 2715 1591 2764 sanita-

157 2790 258 2826 tem
283 2782 697 2856 recuperandam,
711 2782 797 2830 sed
823 2782 954 2851 unde
978 2798 1066 2846 per
1085 2782 1315 2831 accidens
1340 2792 1390 2830 et
1416 2792 1589 2830 contra

158 2844 477 2897 intentionem
501 2858 734 2914 sequatur
757 2849 834 2897 vel
859 2846 998 2912 sequi
1044 2849 1199 2914 possit
1220 2850 1370 2897 foetus
1396 2848 1588 2913 ejectio.

160 2915 446 2965 Notandum
479 2916 696 2982 insuper,
751 2926 807 2966 ut
841 2932 1006 2982 supra,
1065 2916 1238 2965 foetum
1285 2916 1433 2966 alium
1477 2932 1590 2965 esse

1326 2994 1590 3033 anlmatum
