1846 3250
251 158 345 206 174
746 154 1174 206 TRACTATUS

249 290 319 339 sie
345 289 544 356 opinari,
583 300 684 338 tum
710 288 821 352 quia
845 290 985 339 valde
1010 291 1261 340 differebat
1298 295 1358 341 ab
1401 292 1554 341 Aerio
1580 293 1660 356 q'ui

252 375 347 406 non
375 370 559 408 tantum
589 362 670 419 jus
706 359 916 406 divinum
954 360 1454 409 sedecclesiasticum
1486 361 1663 424 impro-

252 427 397 474 bavitae.
470 426 652 473 Verum
680 428 923 475 constabit
947 443 1009 475 ex
1035 445 1148 475 mcx
1170 429 1390 476 dicendis
1417 429 1664 492 Hierony-

251 511 382 541 mum
409 493 710 542 existimasse
747 495 1157 557 praeeminentiam
1197 496 1548 561 Episcoporum
1582 513 1662 543 su·

252 576 339 625 pra
365 563 692 626 Praesbyteros
710 567 821 625 Jure
846 563 1006 611 divino
1032 564 1237 611 fundari.

321 630 488 678 Tertia
512 640 585 678 est
612 631 822 689 Cell'otii,
859 632 940 693 qui
965 632 1219 680 contendit
1259 631 1459 694 praesata
1485 632 1665 681 Hiero-

255 699 386 762 nymi
429 700 538 747 loca
584 698 937 746 Haere'ticorum
979 715 1039 747 ac
1077 700 1291 748 fortassis
1342 700 1663 747 Aerianorum

252 766 502 815 fraudibus
527 782 632 815 esse
673 761 854 815 vitiata.
926 767 1311 830 Responsionem
1345 767 1471 816 lianc
1495 767 1668 815 admit-¹

251 834 311 882 tit
351 835 611 898 multisque
645 851 738 883 nec
786 836 1232 898 contemptibilibus
1263 835 1452 897 Judicio
1498 845 1665 882 nostro

252 903 550 965 argumentis
575 903 828 951 confirmat
868 904 1104 962 Colimus,
1140 914 1258 952 tom.
1292 906 1337 953 2.
1375 903 1436 952 de
1465 902 1667 959 Ordine,

253 971 369 1028 edit,
404 971 556 1019 in-80·
592 988 640 1035 p.
665 974 780 1019 663.

324 1042 509 1093 Quarta
533 1050 607 1087 est
630 1039 832 1087 aliorum
859 1040 1005 1104 vulgo
1033 1039 1394 1102 Theologorum
1437 1038 1520 1104 qui
1560 1038 1668 1101 opi-

253 1118 431 1155 nantur
491 1107 847 1172 Hieronymum
907 1124 936 1155 a
994 1107 1236 1155 communi
1298 1106 1664 1156 Catholicorum

254 1175 478 1224 doctrina
501 1192 597 1222 non
623 1192 728 1224 esse
753 1175 981 1224 alienum.
1053 1176 1120 1222 Iis
1145 1175 1451 1223 assentimur.
1523 1174 1671 1223 Unde

322 1245 457 1292 Its-².
512 1243 591 1290 Ex
642 1243 692 1291 S.
728 1242 1048 1307 Hieronymo,
1095 1242 1224 1291 idem
1272 1255 1347 1290 est
1394 1242 1668 1306 Episcopus

256 1312 339 1375 qui
384 1321 432 1359 et
467 1311 759 1374 Praesbyter,
797 1312 958 1375 quoad
1006 1326 1183 1358 nomen
1219 1320 1269 1358 et
1315 1309 1668 1358 accidentalem

254 1378 503 1442 regiminis
527 1379 741 1436 modum,
776 1396 905 1426 cone.
931 1379 1092 1444 quoad
1117 1378 1420 1443 dignitatem,
1472 1376 1672 1426 Ordinis

255 1457 549 1511 potestatem
593 1458 641 1495 et
675 1446 1026 1508 jurisdictionis
1049 1446 1369 1496 substantiam
1395 1462 1497 1508 neq.
1569 1448 1674 1493 lta·

257 1533 353 1579 que
379 1517 474 1563 hoc
498 1526 686 1563 tantum
712 1515 816 1562 vult
843 1516 892 1563 S.
917 1516 1124 1563 Doctor.
1166 1518 1242 1564 10.
1266 1515 1390 1562 adeo
1414 1512 1670 1562 sublimem

257 1600 364 1632 esse
424 1584 837 1648 Praesbyterorum
890 1582 1111 1645 gradum,
1161 1594 1214 1630 ut
1271 1584 1384 1630 olim
1439 1580 1671 1645 Episcopi

255 1667 433 1698 nomen
473 1661 702 1714 gererent
725 1648 949 1708 Eosdem,
984 1649 1142 1714 inquit
1185 1650 1341 1713 Epist.
1382 1650 1444 1697 ad
1487 1650 1674 1707 Titum,

257 1718 521 1784 Episcopos
544 1719 652 1766 illos
675 1726 877 1780 tempore
898 1734 1016 1780 quos
1038 1726 1082 1765 et
1104 1718 1425 1779 Proesbyteros
1458 1717 1672 1780 appella-

261 1787 388 1843 bant,
416 1795 671 1849 propterea
707 1786 1034 1850 indifferenter
1056 1786 1113 1832 de
1134 1785 1392 1848 Episcopis
1431 1787 1574 1847 quasi
1613 1786 1673 1833 de

257 1854 572 1917 Praesbyterz's
594 1862 661 1902 est
699 1854 896 1901 locutus.
965 1853 1030 1900 Et
1048 1853 1164 1901 ibid.
1199 1850 1358 1900 Aliud
1389 1862 1456 1900 est
1493 1854 1667 1908 celatis,

257 1922 432 1985 inquit,
467 1922 609 1970 aliud
644 1930 711 1969 est
749 1920 896 1984 officii
933 1938 1099 1968 nomen
1136 1920 1320 1968 Eadem
1346 1920 1494 1968 habet
1519 1919 1679 1983 Epist.

262 1995 344 2040 85.
384 1990 448 2039 ad
486 1991 806 2054 Evangelum.
831 1989 908 2036 2⁰·
936 1989 1056 2036 Vult
1093 1999 1274 2038 tantam
1303 1988 1452 2036 fuisse
1477 1987 1668 2034 illorum

261 2059 601 2106 auctoritatem
636 2068 688 2106 ut
730 2074 840 2105 cum
869 2056 1123 2121 Episcopis
1165 2055 1457 2121 partirentur
1497 2055 1690 2105 Eccle··

263 2127 345 2174 siae
374 2126 610 2189 regimen.
680 2126 880 2179 Verum,
918 2135 973 2172 ut
1013 2135 1156 2172 antea
1185 2130 1285 2187 jam
1329 2124 1550 2180 vidimus,
1588 2139 1676 2186 per

262 2194 491 2243 accidens
517 2204 720 2250 tantum,
757 2209 820 2240 ex
848 2192 999 2241 libero
1036 2193 1391 2255 Episcoporum
1417 2207 1674 2247 consensu,

260 2279 358 2310 ,non
384 2278 448 2310 ex
475 2268 586 2324 jure
623 2260 784 2308 divino
803 2260 1047 2308 habebant
1074 2259 1362 2324 Praesbyteri
1398 2259 1525 2319 quod
1551 2257 1676 2321 regi-

261 2347 372 2378 men
400 2347 509 2380 cum
549 2329 807 2393 Episcopis‘
844 2328 1165 2392 partirentur;
1200 2343 1292 2374 nec
1332 2327 1465 2373 ullibi
1507 2325 1574 2373 ait
1617 2326 1689 2372 8.ι

264 2400 458 2447 Doctor
519 2399 848 2461 Praesbyteros
912 2395 1099 2443 ratione
1137 2394 1427 2458 dignitatis,
1484 2393 1672 2441 ratione

262 2465 519 2530 potestatis
542 2477 593 2514 et
617 2463 814 2513 Ordinis
837 2464 1049 2516 eosdem?
1066 2461 1215 2511 fuisse
1251 2479 1361 2509 cum
1391 2460 1644 2525 Episcopis
1660 2481 1678 2516 ;

267 2551 361 2582 nec
386 2534 452 2582 ait
476 2535 583 2581 illos
609 2550 669 2582 ex
688 2538 799 2595 jure
824 2532 1002 2587 divino,
1039 2547 1134 2578 non
1159 2539 1320 2578 autem
1348 2546 1409 2577 ex
1437 2545 1690 2577 consensu>

268 2601 623 2665 Episcoporum
641 2600 873 2649 habuisse
910 2598 1041 2663 quod
1082 2597 1354 2646 Ecclesiam
1394 2613 1505 2646 cum
1536 2597 1677 2660 Epis-

268 2670 400 2732 copis
426 2679 668 2732 regerent,
707 2684 968 2729 eorumque
1005 2676 1053 2714 et
1088 2666 1439 2729 Episcoporum
1463 2674 1692 2729 potesta-‘

268 2749 367 2791 tem
387 2738 460 2783 vel
488 2737 630 2783 etiam
648 2735 1034 2797 jurisdictionem
1069 2733 1217 2782 fuisse
1256 2733 1418 2798 quoad
1454 2733 1672 2780 substan·

268 2805 400 2862 tiam,
454 2804 612 2867 quoad
671 2803 899 2858 radicem,
940 2803 1101 2865 quoad
1153 2800 1521 2857 institutionem,
1578 2815 1676 2846 uno

269 2875 433 2930 verbe,
492 2873 538 2918 in
582 2871 801 2919 omnibus
842 2884 1023 2933 parem,
1059 2886 1197 2932 aeque
1246 2868 1672 2932 independentem,

269 2958 406 3005 aeque
456 2939 777 2998 essentialem,
836 2954 973 3002 aeque
1024 2936 1408 2999 irrevocabilem.
1480 2933 1675 3047 Nabum

1606 3017 1674 3047 τεο
