1852 3250
730 149 825 198 DE
863 150 1160 201 ORDINE.
1628 153 1659 202 7

222 290 587 337 Sacramentum
624 285 717 337 trIa
749 287 1065 350 requiruntur
1101 287 1442 345 Si'sufficiuiit,
1485 288 1644 338 faten-

220 359 346 405 tibus
376 355 649 412 HaereticiS,
687 355 917 404 videlicet
963 357 1037 403 10·
1079 365 1133 404 ut
1157 356 1218 403 sit
1246 357 1364 404 ritus
1388 357 1643 412 sensibilis,

219 429 299 472 20·
325 434 378 473 ut
402 425 521 472 ritus
545 424 628 472 ille
652 424 829 472 habeat
854 424 947 471 vim
973 425 1278 488 producendi
1307 426 1544 484 Gratiam,
1579 430 1644 473 3⁰·

217 505 272 541 ut
290 510 319 542 a
336 493 530 542 Christo
548 492 609 540 sit
629 492 877 541 institutus
901 503 1245 556 permanenter
1270 510 1327 541 ac
1342 506 1640 561 praeceptus:

217 561 351 626 atqui
377 561 468 609 tria
491 560 633 609 haec
621 578 669 607 in
703 559 1022 608 Ordinatione
1048 561 1370 626 reperiuntur.

290 635 366 677 10·
405 631 464 678 In
503 628 826 677 Ordinatione
867 628 1105 692 reperitur
1146 629 1266 677 ritus
1314 640 1548 679 externus
1591 640 1643 678 et

216 698 454 746 sensibilis
496 714 670 760 nempe
695 713 924 745 manuum
950 697 1210 761 impositio,
1256 708 1308 746 ut
1346 710 1540 747 constat
1576 700 1640 746 de

209 763 538 815 Ordinatione
575 762 928 822 Diaconorum,
972 776 1069 814 act.
1095 770 1142 814 6.
1176 783 1219 814 v
1247 769 1295 814 6.
1334 768 1576 815 Or‘cmtes
1558 786 1643 816 zm-

211 844 464 898 posuerunt
503 836 571 884 eis
610 851 804 891 marmus
860 834 921 882 de
948 833 1270 883 Ordinatione
1310 836 1644 900 Pr-aesbytero-

216 919 323 950 rum
349 914 429 951 act
459 907 535 952 14.
571 921 616 950 v.
644 905 725 951 23.
787 903 914 951 Cum
938 904 1279 952 constztuz‘ssent
1304 903 1398 952 illis
1414 904 1642 968 Praesby-

214 979 353 1029 teros,
391 989 586 1035 graece,
608 971 1055 1027 Keirotonaisantes,
1090 971 1154 1018 id
1166 981 1257 1029 est,
1293 965 1463 1019 m'anus
1488 972 1644 1036 impo-

214 1051 418 1097 nentes3
429 1040 517 1090 de
537 1038 857 1088 ordinatione
884 1039 1239 1104 Episcoporum
1266 1050 1346 1087 act
1377 1043 1454 1088 13.
1509 1041 1557 1089 T
1553 1058 1645 1090 unc

199 1108 473 1170 jejunantes
496 1117 540 1157 et
567 1115 770 1165 orantes,
812 1108 1182 1174 imponentesque
1206 1109 1273 1157 ez's
1297 1126 1461 1157 manus
1485 1109 1647 1157 dimis-

215 1186 351 1225 erunt
376 1195 465 1234 eos,
503 1193 681 1240 nempe
703 1176 909 1233 Paulum
937 1186 986 1224 et
1015 1177 1307 1226 Barnabam.
1462 1174 1464 1176 ’

283 1247 363 1290 20·
398 1245 550 1293 Ritus
572 1244 656 1293 ille
696 1257 787 1292 seu
821 1261 1049 1292 manuum
1087 1245 1332 1310 impositio
1368 1244 1463 1291 vim
1489 1245 1640 1293 habet

215 1313 519 1376 producendi
562 1313 794 1361 Gratiam
826 1315 847 1359 1
893 1313 1108 1361 Timoth.
1147 1318 1196 1362 4.
1248 1312 1365 1363 Noli
1404 1313 1643 1379 negligere

219 1382 437 1429 Gratiam
461 1397 564 1458 quce
593 1383 649 1430 in
667 1390 712 1430 te
738 1389 823 1435 est,
853 1397 964 1446 ,quae
997 1382 1110 1430 data
1134 1389 1202 1430 est
1225 1381 1309 1429 tibi
1327 1399 1413 1445 per
1426 1382 1640 1446 prophe-

215 1449 345 1505 tiam,
399 1467 499 1498 cum
539 1448 832 1513 impositione
865 1465 1083 1496 manuum
1126 1443 1436 1513 proesbyteriz‘.
1500 1451 1532 1495 2
1556 1449 1614 1496 T
1602 1466 1640 1496 1

216 1517 369 1564 moth.
403 1521 445 1564 1.
469 1533 513 1563 v.
524 1520 589 1564 6
618 1518 855 1564 Admoneo
879 1523 924 1563 te
946 1523 998 1563 ut
1021 1517 1263 1564 resuscites
1284 1517 1501 1564 Gratiam
1522 1515 1638 1575 Dei,

215 1601 346 1700 ᾳτιαεο
343 1592 411 1633 est
433 1586 483 1633 in
507 1595 553 1633 te
571 1602 658 1649 per
681 1584 1013 1660 impositionem
1038 1601 1256 1632 manuum
1280 1595 1504 1631 mearum.
1612 1635 1615 1637 ,

353 1653 546 1701 ‘Ritus
563 1653 646 1701 ille
666 1668 694 1700 a
714 1650 908 1700 Christo
933 1651 1182 1699 institutus
1206 1661 1280 1701 est
1299 1652 1361 1699 ad
1381 1652 1639 1704 conferen-

218 1720 328 1767 dam
365 1720 618 1779 Gratiam;
661 1719 790 1784 quia,
830 1719 1217 1768 concedentibus
1260 1720 1539 1778 Haereticis,
1577 1729 1639 1768 ex

211 1789 319 1836 solo
360 1790 472 1837 Deo
506 1789 691 1838 Gratiae
731 1788 1064 1852 producendae
1103 1788 1199 1835 vim
1238 1789 1420 1836 habere
1462 1798 1642 1853 potest.

216 1857 434 1906 Aliunde
452 1859 690 1906 Ordinem
716 1873 745 1903 a
763 1856 878 1903 Deo
903 1872 1009 1904 esse
1033 1856 1310 1905 institutum
1337 1872 1395 1906 ac
1421 1873 1641 1920 praecep-

217 1936 318 1973 tum
344 1936 537 1974 constat
562 1943 625 1974 ex
651 1924 792 1973 variis
832 1924 1096 1988 Scripturae
1131 1924 1269 1981 locis,
1306 1934 1389 1973 act
1417 1928 1494 1972 13.
1557 1928 1639 1974 Se-

214 2012 273 2057 σν
274 2003 406 2058 cerate
428 1994 542 2043 m‘hi
563 1992 753 2043 saulum
777 1999 821 2040 et
845 1992 1139 2041 Barnabam.
1183 1996 1202 2041 l
1229 1994 1343 2042 Cor.
1366 1996 1415 2041 4.
1455 1993 1533 2041 Sic
1556 2009 1643 2042 nos

215 2063 441 2110 eoeistimet
482 2062 613 2112 homo
650 2069 701 2110 ut
748 2055 998 2112 Ministros
1034 2059 1227 2110 Christi.
1265 2061 1393 2125 Eph.
1418 2065 1467 2113 4«.
1530 2063 1645 2127 Ipse

213 2130 340 2178 dedit
363 2130 582 2195 quosdam
605 2130 803 2196 quidem
815 2127 1076 2194 Apostolos,
1103 2131 1324 2194 quosdam
1350 2128 1638 2194 Prophetas,

215 2198 331 2246 alios
369 2216 480 2248 vero
516 2197 858 2264 Evangelistas,
895 2196 1012 2247 alios
1046 2214 1155 2247 vero
1179 2197 1411 2247 Pastores
1434 2205 1480 2246 et
1508 2199 1637 2248 Doc-

211 2271 350 2315 t0res.
904 2294 907 2297 »

280 2338 366 2382 4⁰·
402 2332 736 2384 Institutus‘ac
754 2343 1029 2398 praeceptus
1048 2343 1122 2382 est
1137 2343 1498 2397 permanenter,
1525 2348 1639 2384 cum

206 2401 262 2447 -in
288 2402 514 2450 Ecclesia
538 2412 818 2450 constanter
842 2401 1056 2451 Diaconi
1094 2401 1387 2466 Praesbyteri
1422 2411 1472 2450 et
1498 2400 1640 2466 Epis-

215 2470 322 2534 copi
349 2486 438 2535 per
455 2486 682 2518 manuum
698 2469 1055 2533 impositionem
1077 2469 1284 2520 ordinati
1309 2469 1421 2529 sint,
1447 2479 1502 2519 ut
1521 2485 1638 2518 con-

211 2548 308 2590 stat
333 2555 396 2585 ex
424 2537 698 2590 Annalibus
720 2537 1081 2586 ecclesiasticis.

282 2606 433 2654 Proh.
467 2609 535 2653 2⁰·
571 2610 628 2654 ex
654 2605 889 2655 Conciliz's.
959 2605 1364 2656 Chalcedonense
1389 2621 1634 2654 oecumen.

216 2687 323 2720 can.
347 2675 395 2720 2.
426 2675 497 2722 Sa·
530 2675 633 2740 quis
666 2675 924 2749 Episcopus
951 2683 1149 2740 propter
1175 2675 1401 2741 pecunias
1428 2674 1654 2724 Ordina-'

215 2741 382 2789 tionem
396 2743 578 2806 fecerit
597 2750 642 2790 et
665 2760 762 2791 non
782 2741 985 2791 venalem
1012 2743 1229 2791 Gratiam
1266 2741 1635 2792 vendiderit......
1666 2751 1667 2757 ’

276 2810 389 2858 ...de
414 2809 604 2875 proprio
621 2810 824 2875 grad-u
805 2828 855 2859 m
876 2809 1131 2874 periculum
1156 2811 1326 2860 veniat.
1398 2809 1639 2858 Sacerdo-

215 2843 336 2923 tium
361 2876 508 2939 igitur
531 2877 921 2941 Gratiamhabet
946 2877 1057 2926 sibi
1060 2893 1320 2937 annexam,
1359 2894 1504 2943 quam
1523 2891 1640 2924 ven-

213 2943 336 2994 dere
360 2943 496 2994 nefas
520 2954 612 3009 est,
646 2961 705 2997 ac
728 2945 933 3011 proinde
960 2946 1331 3017 Sacramentum
1355 2945 1452 2997 est.
1496 3011 1552 3062 Id

1472 3048 1477 3051 Δ
1515 3037 1518 3039 ’
1557 3026 1638 3062 em

864 3082 967 3132 Ba
