1846 3250
507 170 604 218 DE
641 165 1143 219 MATRIMONIO.
1467 168 1572 214 233

136 302 453 366 promissione
477 303 773 355 subauditur.
791 300 1025 357 conditio,
1051 302 1093 350 si
1115 299 1241 358 velis,
1267 299 1309 349 si
1331 308 1564 364 acceptes,-

138 386 232 419 nec
267 370 315 418 in
353 370 695 425 Tribunalibus
734 368 1113 423 Ecclesiasticis‚
1174 384 1267 416 nec
1320 369 1368 414 in
1408 366 1580 417 Curiis.

138 438 375 502 supremis
400 437 671 488 admittitur
695 437 931 499 ejusmodi
957 435 1228 499 promissio.
1554 485 1557 488 ,

209 505 440 559 Quamvis
465 516 628 553 autem
654 504 755 552 sive
799 520 863 552 ex
900 505 1023 552 Jure
1054 502 1305 550 ¹canonico
1332 518 1449 566 cap..
1478 502 1569 551 At.

140 573 405 622 testationes
428 573 487 621 de
526 572 766 634 Despons.
813 570 984 635 impub.
1024 570 1126 617 sive
1168 586 1233 618 ex
1261 570 1441 618 Edicto
1465 568 1570 618 Lu-

140 638 298 686 dovici
326 639 474 686 XIII.
502 656 578 687 an>-
608 642 751 687 1629.
784 638 976 688 licitum
1007 637 1069 684 sit
1093 637 1142 683 in
1167 637 1224 684 iis
1250 654 1356 699 quae
1380 637 1445 685 ad
1468 652 1568 685 ma—

139 705 349 754 trimonii
385 707 751 770 promissionem
794 715 1037 768 spectant,
1096 704 1435 767 probationem
1473 716 1571 752 tes-

138 772 435 822 timonialem
463 774 736 829 admittere,
775 772 1087 822 nihilominus
1112 771 1367 833 *ejusmodi
1392 773 1579 836 proba-2

126 841 208 897 >atio
234 857 363 895 nunc
389 841 436 888 in
465 842 639 890 Galliis
665 840 898 904 rejicitur.
989 839 1088 888 Sed
1114 855 1178 889 ex
1207 839 1388 888 Edicto
1413 841 1569 888 altero

139 908 357 969 ejtisdem
381 910 531 972 Regis
556 926 632 959 an.
664 911 816 959 1639„
843 906 1106 970 requiritur
1147 906 1195 953 in
1223 906 1569 956 Tribunalihus

139 976 482 1024 ecclesiasticis
508 986 559 1025 et
601 975 824 1025 civilibus
863 975 1088 1038 probatio
1126 973 1320 1037 scriptis
1357 973 1569 1033 firmata,

139 1042 284 1089 etiam
310 1043 504 1104 quando
530 1044 690 1106 agitur
709 1043 772 1091 de
799 1042 1016 1106 partibus
1040 1041 1238 1089 infirmo,
1254 1043 1368 1089 loco
1392 1041 1535 1089 natis.

207 1109 262 1156 Iu
296 1110 405 1157 foro
442 1120 609 1159 tamen
662 1110 977 1158 conscientiae
1028 1109 1216 1172 obligat
1274 1106 1573 1157 matrimonii

136 1176 390 1239 promissio
412 1178 572 1227 verbis
596 1188 681 1227 aut
706 1172 878 1243 quovis
902 1176 997 1225 alio
1035 1178 1177 1241 signo
1218 1176 1453 1226 exteriori
1474 1192 1571 1226 ,εο-

141 1254 355 1308 ceptata.

208 1311 453 1365 Quaeritur
468 1329 584 1363 vero
604 1328 665 1361 an
683 1312 929 1364 silentium
950 1311 1191 1361 rationem
1215 1311 1398 1361 habere
1416 1310 1581 1375 possit*

139 1379 593 1442 acceptationisvel
631 1380 1003 1444 promissionis?
1060 1379 1123 1428 Id
1167 1380 1311 1428 nobis
1349 1379 1578 1444 pendere

134 1445 328 1494 videtur
363 1463 426 1495 ex
465 1446 882 1499 circumstantiis:
919 1465 967 1495 v.
1017 1464 1067 1511 g.
1121 1456 1287 1512 potest
1320 1447 1573 1498 silentium

136 1513 305 1562 haberi
330 1530 419 1578 pro
444 1515 786 1579 acceptatione
811 1524 860 1563 et
893 1515 1298 1579 repromissione,
1321 1514 1371 1562 in
1396 1513 1453 1563 iis
1479 1514 1579 1562 cir.-¹

139 1582 446 1632 cumstantiis
471 1583 519 1631 in
545 1582 719 1647 quibus
746 1582 1057 1630 verecundiae
1098 1582 1253 1645 magis
1291 1597 1439 1645 quam
1470 1581 1571 1631 dis-

137 1649 301 1697 sensui
327 1651 403 1698 vel
428 1649 588 1701 animo
607 1666 843 1713 suspenso
869 1650 1019 1700 debet
1041 1649 1274 1707 adscribi,
1310 1660 1364 1697 ut
1388 1648 1429 1696 si
1453 1664 1576 1713 aga-

140 1725 220 1763 tur
244 1716 306 1765 de
330 1717 630 1782 sponsalibus
656 1721 758 1780 jam
785 1717 972 1781 pridem
1011 1718 1207 1781 optatis,
1248 1731 1310 1765 ac
1331 1713 1571 1766 industrie

139 1785 364 1846 quaesitis.
432 1786 579 1836 Idem
604 1785 869 1834 dicendum
895 1794 968 1834 est
993 1785 1187 1849 quoties
1211 1783 1477 1845 silentium,
1503 1799 1573 1834 ex

138 1852 510 1902 occurrentibus
535 1853 930 1910 circumstantiis,
955 1869 1124 1902 verum
1166 1866 1460 1901 consensum
1485 1853 1579 1902 de-

136 1927 325 1968 notant.
398 1921 552 1969 Secus
578 1935 703 1969 vero,
724 1920 774 1966 in
800 1919 905 1970 aliis
930 1918 1330 1968 circumstantiis.

209 1985 378 2036 Tertia
403 1987 620 2037 conditio
646 1996 721 2035 est
749 1995 799 2036 ut
825 2002 885 2036 ea
916 1986 1171 2050 promissio
1212 1987 1274 2036 sit
1311 1986 1483 2044 libera,
1518 1985 1574 2038 id

138 2061 230 2109 est,
265 2052 399 2102 facta
423 2070 536 2105 cum
561 2070 621 2105 ea.
659 2055 1116 2117 advertentiaquae
1155 2054 1217 2104 ad
1258 2053 1571 2118 peccandum

141 2119 412 2169 mortaliter
435 2121 698 2174 sufficeret.
793 2121 843 2170 Si
870 2121 1071 2173 enimin
1097 2121 1576 2172 omnibuscontrac-

139 2184 268 2236 tibus
290 2187 495 2240 libertas
514 2189 577 2238 sit
601 2189 893 2251 necessaria,
929 2188 1144 2239 maxime
1185 2188 1235 2238 in
1260 2189 1571 2239 matrimonio

137 2268 196 2308 ac
221 2255 425 2317 proinde
450 2256 502 2306 in
518 2256 829 2321 sponsalibus
871 2255 917 2306 ei
960 2256 1216 2306 connexis,
1313 2257 1574 2322 Sponsalia

138 2321 228 2369 sub
253 2334 479 2385 peccato,
503 2323 696 2375 mortali
738 2325 957 2388 obligant
984 2345 996 2382 ;
1025 2341 1151 2389 *ergo
1192 2324 1470 2388 libertatem
1495 2340 1577 2374 re-

142 2387 547 2455 quirunt,-‘qualis
572 2392 634 2440 ad
659 2402 922 2456 peccatum
948 2393 1154 2441 mortale
1179 2392 1459 2456 requiritur2

208 2455 344 2505 Hinc
382 2459 626 2526 sponsalia
664 2459 955 2508 contrahere
1003 2470 1254 2521 nequeunt
1298 2463 1375 2507 10.
1434 2458 1588 2519 ebrii-f

142 2522 220 2568 2⁰.
258 2521 513 2582 Amantes,
551 2525 750 2576 rationis
775 2524 1005 2589 impotes,
1040 2527 1128 2574 nisi
1160 2526 1326 2575 lucida
1357 2526 1575 2576 habeant

143 2588 411 2638 intervalla.
441 2595 520 2643 30,
560 2593 604 2642 Ii
626 2594 728 2657 qui,
749 2610 863 2645 cum
888 2594 1025 2652 caeci,
1042 2593 1165 2653 muti
1190 2604 1242 2642 et
1264 2593 1398 2642 surdi
1423 2594 1521 2643 sint
1544 2609 1579 2642 a

144 2655 414 2715 nativitate,
451 2660 713 2723 nequidem
755 2677 842 2725 per
866 2659 1006 2724 signa
1030 2660 1321 2710 matrimonii
1344 2660 1575 2710 'naturam

142 2738 320 2786 capere
347 2736 559 2786 queunt..
609 2727 773 2778 ,Secus
817 2737 981 2776 tamen
1023 2729 1086 2777 de
1123 2727 1484 2790 surdis,‚,mutis
1521 2739 1574 2776 et

142 2788 284 2837 caecis
316 2791 423 2839 aliis
455 2792 538 2855 qui
577 2795 729 2846 multa
770 2794 984 2843 difficilia
1021 2794 1321 2859 intelligunt,
1359 2810 1575 2859 suasque

139 2856 273 2905 ideas
309 2857 458 2922 signis
494 2861 711 2913 externis
771 2862 1102 2924 manifestant,
1164 2873 1218 2913 ut
1278 2851 1449 2927 pffires-
1486 2860 1571 2924 qui

1420 2939 1569 2977 etiam

1669 1501 1694 1525 e!
1712 1519 1716 1523 Α
