1846 3250
206 175 307 220 346
725 171 1146 224 TRACTATUS

201 304 485 369 pedimenti,
526 304 601 353 ve‘l
640 318 753 362 non,
779 306 1134 363 matrimonium
1161 307 1368 358 inierint.
1441 313 1505 358 2²·
1543 315 1623 362 An

202 374 293 420 sub
329 388 416 435 spe
458 371 829 435 dispensationis
853 373 1042 439 facilius
1075 376 1367 424 obtinendae.
1439 381 1506 426 30·
1544 384 1628 429 An

201 439 558 489 matrimonium
579 441 1019 488 consummaverint
1042 457 1104 489 an
1130 459 1242 490 non.
1294 449 1359 491 4⁰·
1387 446 1475 493 An-
1493 448 1626 497 elan·-

203 506 393 557 destine
435 515 519 553 aut
559 506 607 552 in
647 506 774 555 facie
814 507 1068 567 Ecclesiae,
1105 521 1316 572 an.p0st
1355 514 1623 563 bannorum

201 572 609 629 denuntiationes,
653 584 753 631 aut,
791 573 847 621 iis
872 576 1072 632 omissis,
1111 579 1460 629 contraxerint.
1531 582 1622 630 Fa.

202 640 340 688 cilius
365 641 492 690 enim
517 651 600 691 aut
627 640 866 688 difficilius
901 659 989 705 pro
1017 642 1157 691 variis
1182 643 1283 691 istis
1308 645 1621 697 circumstan-

197 707 276 758 tiis
300 709 424 755 solet
447 706 693 771 impetrari
719 709 1030 785 dispensatio.

274 775 465 833 Quaeres
492 780 555 823 80
591 776 704 837 quid
730 776 862 823 circa
886 776 1269 852 unumquodque
1303 752 1621 844 impedimen-

194 851 297 891 tum
319 842 373 889 in
386 843 666 905 particulari
691 844 753 890 sit
778 843 1184 906 exprimendum.
1174 847 1190 879 Ρ
1325 872 1329 874 Α

265 910 338 957 R.
369 909 500 959 circa
540 909 941 973 impedimentum
989 910 1421 975 consanguinitatis
1468 931 1621 980 expo·

109 1009 125 1022 .
194 977 409 1025 nendum
435 994 541 1026 esse
571 979 635 1024 10·
663 994 721 1025 an
742 977 802 1025 sit
826 977 874 1024 in
900 978 1029 1027 linea
1045 990 1182 1028 recta
1204 987 1265 1027 an
1289 981 1340 1027 in
1363 981 1620 1043 indirecta,

195 1052 271 1094 et
293 1054 444 1108 quoto
492 1045 744 1108 utriusque
792 1045 964 1107 gradu.
1034 1049 1081 1095 2.
1107 1048 1195 1094 An
1205 1040 1384 1110 partes
1432 1049 1617 1126 duplici

194 1110 627 1174 consanguinitatis
665 1112 859 1160 vinculo
907 1117 1182 1174 conjunctae
1226 1114 1349 1172 sint,
1377 1125 1430 1165 ut
1474 1118 1514 1164 si
1552 1134 1616 1165 ex

194 1182 423 1254 coniugio
439 1179 645 1227 duorum
659 1179 864 1230 fratrum
885 1197 996 1228 cum
1016 1181 1206 1229 duabus
1224 1182 1468 1230 sororibus
1490 1193 1619 1233 natae

192 1244 303 1293 sint.
355 1251 419 1294 30·
448 1249 529 1293 An
565 1246 660 1294 sint
685 1240 902 1309 pluribus
939 1248 1298 1326 impedimentis
1340 1250 1539 1312 illigatae
1568 1261 1622 1300 et-

193 1321 409 1374 quaenam
428 1313 509 1361 illa
528 1313 638 1361 sint.
694 1318 771 1360 4·
803 1314 851 1361 Si
879 1316 1269 1378 consanguineus
1294 1315 1476 1367 ducere
1500 1318 1616 1367 velit

189 1381 601 1443 consanguineam
644 1397 854 1443 quacum
897 1382 1247 1431 commercium
1280 1382 1450 1432 habuit
1475 1384 1613 1434 illici-

189 1458 289 1495 tum
317 1448 466 1496 debet
491 1448 628 1505 illud,
654 1449 694 1494 si
720 1448 960 1496 notorium
986 1449 1150 1508 fuerit,
1183 1451 1389 1498 Datariae
1409 1453 1615 1514 aperire,

189 1515 330 1562 simul
368 1532 478 1563 cum
504 1532 591 1578 spe
617 1525 666 1563 et
690 1516 977 1572 intentione,
1013 1517 1215 1581 siquam
1241 1517 1479 1577 habuerit,
1524 1521 1615 1568 cri-

187 1598 298 1629 men
323 1582 443 1629 illud
469 1583 838 1635 committendo,
873 1584 1246 1647 dispensationis
1269 1586 1457 1633 facilius
1491 1588 1616 1635 obti-

192 1649 381 1696 nendae.
481 1650 530 1697 Si
557 1666 671 1696 vero
697 1649 865 1697 crimin
890 1650 1329 1712 fuerit-occultum,
1368 1654 1616 1703 Poeniten-

184 1715 334 1763 tiariae
391 1716 530 1764 simul
593 1732 703 1764 cum
762 1716 1111 1821 impedimento
1178 1720 1610 1783 consanguinitatis

182 1783 497 1846 aperiendum
523 1783 631 1831 erit.

253 1851 536 1903 Notandum
587 1860 660 1897 est
713 1855 772 1899 10·
821 1815 954 1913 quod
1000 1850 1039 1898 si
1087 1862 1249 1915 partes
1302 1854 1606 1903 solummodo

182 1928 292 1980 post
328 1918 464 1967 datas
497 1919 662 1966 Romae
687 1918 899 1966 Litteras
937 1919 1327 1983 dispensatorias,
1365 1922 1450 1969 sed
1492 1933 1605 1971 ante

182 1996 347 2033 earum
395 1986 749 2042 executionem,
788 1986 1159 2049 gallice„avant
1202 1987 1249 2034 la
1268 1986 1604 2049 fulminati-on,

182 2053 374 2100 carnale
418 2053 763 2103 commercium
806 2068 891 2101 seu
930 2053 1171 2101 incestum
1212 2066 1494 2117 perpetrare
1530 2056 1599 2103 in·

182 2121 434 2182 coeperint,
482 2120 665 2166 irritam
725 2120 886 2168 statim
945 2121 1057 2169 fieri·
1108 2121 1515 2187 dispensationem
1575 2142 1606 2187 a

181 2187 384 2235 Dataria
430 2187 754 2250 impetratam,
795 2197 847 2233 ut
895 2197 1089 2235 constat
1135 2205 1198 2235 ex
1247 2190 1388 2251 praxi
1439 2191 1600 2239 Curiae

181 2254 417 2311 Romanae
463 2264 510 2300 et
540 2254 890 2301 ‘declaratione
934 2255 1342 2317 Congregationis
1397 2257 1602 2304 Concilii

181 2321 453 2368 Tridentini
511 2321 814 2382 Interpretis.
885 2321 1032 2367 Ratio
1091 2331 1182 2368 est·
1214 2321 1324 2381 quia
1379 2332 1599 2384 tempore

181 2388 445 2436 Sententiae
481 2387 694 2435 officialis
736 2403 982 2452 quo‘vere
1019 2386 1342 2450 dispensatur,
1383 2399 1435 2436 ut
1469 2390 1599 2437 Galli

178 2455 500 2504 communiter
533 2456 764 2509 sentiunt,
797 2471 962 2501 verum
999 2470 1095 2500 non
1132 2465 1260 2502 esset
1296 2455 1461 2504 dicere
1494 2459 1601 2503 nul-

175 2523 273 2569 lum
298 2522 447 2570 fuisse
473 2522 819 2571 commercium
860 2521 1081 2568 iflicitum
1116 2520 1242 2569 inter
1265 2521 1597 2584 impetrantes,

175 2605 234 2637 ac
282 2590 484 2652 proinde
543 2589 832 2638 sententiam
891 2588 1259 2651 dispensationis
1311 2589 1439 2637 ferre
1500 2608 1597 2637 non

173 2666 338 2720 posset
364 2656 622 2704 Officiales.
697 2656 840 2704 Unde
882 2667 936 2704 ut
975 2655 1280 2704 revalidetur-
1304 2656 1598 2719 dispensatio

175 2723 452 2772 obtinendae
497 2734 609 2770 sunt
646 2723 846 2775 Litterae
890 2738 1000 2786 quae
1034 2721 1133 2769 dici
1172 2723 1350 2781 solent,
1391 2725 1597 2786 perinde

171 2790 340 2847 valere,
378 2789 469 2838 nisi
505 2790 779 2853 Episcopus
828 2795 911 2851 J'us
956 2789 1134 2837 habeat
1191 2790 1240 2836 in
1296 2790 1355 2839 iis
1394 2792 1589 2840 casibus

166 2856 493 2921 dispensandi.
1594 2889 1597 2893 f

236 2923 525 2974 Notandum
544 2925 608 2970 20·
647 2923 775 2986 quod
826 2923 868 2970 si
912 2932 1079 2986 partes
1123 2933 1234 2987 post
1280 2924 1587 2988 impetratam

162 2986 589 3056 dispensationem
607 2990 654 3038 in
712 2990 842 3039 idem
903 2993 1134 3041 incestus
1161 2991 1360 3041 crimen
1409 2991 1586 3065 relapsi

180 3084 184 3088 Α
1494 3057 1588 3105 sint
